<?xml version="1.0" encoding="UTF-8"?>
<!DOCTYPE html PUBLIC "-//W3C//DTD XHTML 1.0 Transitional//EN"
    "http://www.w3.org/TR/xhtml1/DTD/xhtml1-transitional.dtd">
<html xmlns="http://www.w3.org/1999/xhtml" xml:lang="en" lang="en">
 <head>
  <title>
</title>
<meta http-equiv="Content-Type" content="text/html;charset=utf-8" />
  <meta name='ocr-system' content='tesseract 3.04.00' />
  <meta name='ocr-capabilities' content='ocr_page ocr_carea ocr_par ocr_line ocrx_word'/>
</head>
<body>
  <div class='ocr_page' id='page_1' title='image "athenaechristia00mommgoog_0029.png"; bbox 0 0 2880 4868; ppageno 0'>
   <div class='ocr_carea' id='block_1_1' title="bbox 203 226 842 329">
    <p class='ocr_par' dir='ltr' id='par_1_1' title="bbox 203 226 842 329">
     <span class='ocr_line' id='line_1_1' title="bbox 203 226 842 329; baseline -0.006 -12"><span class='ocrx_word' id='word_1_1' title='bbox 203 259 241 317; x_wconf 77' lang='grc'><strong>12</strong></span> <span class='ocrx_word' id='word_1_2' title='bbox 387 226 396 237; x_wconf 39' lang='lat'>¹</span> <span class='ocrx_word' id='word_1_3' title='bbox 702 264 793 329; x_wconf 69' lang='lat' dir='ltr'><strong>caput</strong></span> <span class='ocrx_word' id='word_1_4' title='bbox 809 259 842 313; x_wconf 92' lang='lat' dir='ltr'><strong>ll.</strong></span> 
     </span>
    </p>
   </div>
   <div class='ocr_carea' id='block_1_2' title="bbox 199 421 1375 3468">
    <p class='ocr_par' dir='ltr' id='par_1_2' title="bbox 199 421 1375 2033">
     <span class='ocr_line' id='line_1_2' title="bbox 199 421 1354 506; baseline 0.003 -19"><span class='ocrx_word' id='word_1_5' title='bbox 199 425 265 487; x_wconf 83' lang='lat' dir='ltr'><strong>diri</strong></span> <span class='ocrx_word' id='word_1_6' title='bbox 288 425 386 487; x_wconf 55' lang='lat' dir='ltr'><strong>suis-:e</strong></span> <span class='ocrx_word' id='word_1_7' title='bbox 409 424 540 506; x_wconf 84' lang='lat' dir='ltr'><strong>putabat</strong></span> <span class='ocrx_word' id='word_1_8' title='bbox 564 424 711 487; x_wconf 81' lang='lat' dir='ltr'><strong>Pittaees.</strong></span> <span class='ocrx_word' id='word_1_9' title='bbox 756 422 838 486; x_wconf 89' lang='lat' dir='ltr'><strong>ltem</strong></span> <span class='ocrx_word' id='word_1_10' title='bbox 861 421 1017 487; x_wconf 69' lang='lat' dir='ltr'><strong>Ceramni</strong></span> <span class='ocrx_word' id='word_1_11' title='bbox 1046 425 1126 486; x_wconf 71' lang='lat' dir='ltr'><strong>sius</strong></span> <span class='ocrx_word' id='word_1_12' title='bbox 1153 447 1225 487; x_wconf 88' lang='lat' dir='ltr'><strong>eum</strong></span> <span class='ocrx_word' id='word_1_13' title='bbox 1248 425 1354 490; x_wconf 83' lang='lat' dir='ltr'><strong>Pitta-</strong></span> 
     </span>
     <span class='ocr_line' id='line_1_3' title="bbox 199 523 1353 610; baseline 0 -20"><span class='ocrx_word' id='word_1_14' title='bbox 199 529 245 590; x_wconf 79' lang='lat' dir='ltr'><strong>cis</strong></span> <span class='ocrx_word' id='word_1_15' title='bbox 268 527 419 609; x_wconf 69' lang='lat' dir='ltr'><strong>opinione</strong></span> <span class='ocrx_word' id='word_1_16' title='bbox 441 527 598 603; x_wconf 63' lang='lat' dir='ltr'><strong>commit.</strong></span> <span class='ocrx_word' id='word_1_17' title='bbox 629 525 777 588; x_wconf 72' lang='lat' dir='ltr'><strong>Fortasse</strong></span> <span class='ocrx_word' id='word_1_18' title='bbox 799 523 860 588; x_wconf 91' lang='lat' dir='ltr'><strong>hoc</strong></span> <span class='ocrx_word' id='word_1_19' title='bbox 883 547 1010 608; x_wconf 89' lang='lat' dir='ltr'><strong>quoque</strong></span> <span class='ocrx_word' id='word_1_20' title='bbox 1026 525 1100 588; x_wconf 90' lang='lat' dir='ltr'><strong>licet</strong></span> <span class='ocrx_word' id='word_1_21' title='bbox 1115 527 1238 607; x_wconf 79' lang='lat' dir='ltr'><strong>afferre,</strong></span> <span class='ocrx_word' id='word_1_22' title='bbox 1261 528 1353 610; x_wconf 88' lang='lat' dir='ltr'><strong>quod</strong></span> 
     </span>
     <span class='ocr_line' id='line_1_4' title="bbox 202 626 1353 711; baseline 0 -20"><span class='ocrx_word' id='word_1_23' title='bbox 202 627 412 711; x_wconf 73' lang='lat' dir='ltr'><strong>Lithogrsphi</strong></span> <span class='ocrx_word' id='word_1_24' title='bbox 446 627 538 711; x_wconf 65' lang='lat' dir='ltr'><strong>Regii</strong></span> <span class='ocrx_word' id='word_1_25' title='bbox 571 627 679 689; x_wconf 85' lang='lat' dir='ltr'><strong>tabula</strong></span> <span class='ocrx_word' id='word_1_26' title='bbox 712 628 755 689; x_wconf 87' lang='lat' dir='ltr'><strong>ita</strong></span> <span class='ocrx_word' id='word_1_27' title='bbox 787 626 865 688; x_wconf 93' lang='lat' dir='ltr'><strong>mihi</strong></span> <span class='ocrx_word' id='word_1_28' title='bbox 894 626 1021 689; x_wconf 72' lang='lat' dir='ltr'><strong>vendita</strong></span> <span class='ocrx_word' id='word_1_29' title='bbox 1049 639 1097 690; x_wconf 86' lang='lat' dir='ltr'><strong>est</strong></span> <span class='ocrx_word' id='word_1_30' title='bbox 1125 651 1143 690; x_wconf 86' lang='lat' dir='ltr'><strong>a</strong></span> <span class='ocrx_word' id='word_1_31' title='bbox 1171 627 1353 711; x_wconf 84' lang='lat' dir='ltr'>bibliopola</span> 
     </span>
     <span class='ocr_line' id='line_1_5' title="bbox 200 728 1353 812; baseline 0.002 -20"><span class='ocrx_word' id='word_1_32' title='bbox 200 729 362 812; x_wconf 85' lang='lat' dir='ltr'><strong>Tepharce</strong></span> <span class='ocrx_word' id='word_1_33' title='bbox 389 744 423 792; x_wconf 92' lang='lat' dir='ltr'><strong>ut</strong></span> <span class='ocrx_word' id='word_1_34' title='bbox 453 730 486 791; x_wconf 90' lang='lat' dir='ltr'><strong>in</strong></span> <span class='ocrx_word' id='word_1_35' title='bbox 515 729 727 812; x_wconf 78' lang='lat' dir='ltr'><strong>Antiquarum</strong></span> <span class='ocrx_word' id='word_1_36' title='bbox 750 728 986 792; x_wconf 74' lang='lat' dir='ltr'><strong>Athenanmi*=</strong></span> <span class='ocrx_word' id='word_1_37' title='bbox 1019 730 1199 811; x_wconf 84' lang='lat' dir='ltr'><strong>exemplum</strong></span> <span class='ocrx_word' id='word_1_38' title='bbox 1227 731 1353 794; x_wconf 84' lang='lat' dir='ltr'><strong>inserta</strong></span> 
     </span>
     <span class='ocr_line' id='line_1_6' title="bbox 199 814 1375 915; baseline 0.002 -21"><span class='ocrx_word' id='word_1_39' title='bbox 199 870 241 878; x_wconf 84' lang='lat'><em>-</em></span> <span class='ocrx_word' id='word_1_40' title='bbox 263 832 425 913; x_wconf 66' lang='lat' dir='ltr'><strong>institore,</strong></span> <span class='ocrx_word' id='word_1_41' title='bbox 449 836 483 894; x_wconf 91' lang='lat' dir='ltr'><strong>ut</strong></span> <span class='ocrx_word' id='word_1_42' title='bbox 505 831 635 915; x_wconf 79' lang='lat' dir='ltr'>opinor,</span> <span class='ocrx_word' id='word_1_43' title='bbox 658 831 760 893; x_wconf 82' lang='lat' dir='ltr'><strong>inscio</strong></span> <span class='ocrx_word' id='word_1_44' title='bbox 782 868 825 877; x_wconf 90' lang='lat'>-</span> <span class='ocrx_word' id='word_1_45' title='bbox 844 831 1032 893; x_wconf 86' lang='lat' dir='ltr'><strong>traderetur.</strong></span> <span class='ocrx_word' id='word_1_46' title='bbox 1069 830 1175 905; x_wconf 84' lang='lat' dir='ltr'><strong>Quum</strong></span> <span class='ocrx_word' id='word_1_47' title='bbox 1198 814 1375 896; x_wconf 77' lang='lat' dir='ltr'><strong>emissem</strong></span> 
     </span>
     <span class='ocr_line' id='line_1_7' title="bbox 199 932 1350 1016; baseline 0.001 -20"><span class='ocrx_word' id='word_1_48' title='bbox 199 946 231 997; x_wconf 89' lang='lat' dir='ltr'><strong>et</strong></span> <span class='ocrx_word' id='word_1_49' title='bbox 253 934 361 996; x_wconf 88' lang='lat' dir='ltr'><strong>mirari</strong></span> <span class='ocrx_word' id='word_1_50' title='bbox 389 934 564 1016; x_wconf 74' lang='lat' dir='ltr'><strong>coepissem</strong></span> <span class='ocrx_word' id='word_1_51' title='bbox 592 933 732 995; x_wconf 90' lang='lat' dir='ltr'><strong>tabulam</strong></span> <span class='ocrx_word' id='word_1_52' title='bbox 759 932 847 995; x_wconf 91' lang='lat' dir='ltr'><strong>urbis</strong></span> <span class='ocrx_word' id='word_1_53' title='bbox 876 933 1043 1012; x_wconf 78' lang='lat' dir='ltr'>insertam,</span> <span class='ocrx_word' id='word_1_54' title='bbox 1071 954 1165 1015; x_wconf 74' lang='lat' dir='ltr'><strong>qusnn</strong></span> <span class='ocrx_word' id='word_1_55' title='bbox 1195 954 1260 994; x_wconf 91' lang='lat' dir='ltr'><strong>non</strong></span> <span class='ocrx_word' id='word_1_56' title='bbox 1283 956 1350 997; x_wconf 75' lang='lat' dir='ltr'><strong>me</strong></span> 
     </span>
     <span class='ocr_line' id='line_1_8' title="bbox 201 1032 1351 1116; baseline 0.001 -19"><span class='ocrx_word' id='word_1_57' title='bbox 201 1036 355 1097; x_wconf 84' lang='lat' dir='ltr'><strong>mineram</strong></span> <span class='ocrx_word' id='word_1_58' title='bbox 384 1035 417 1096; x_wconf 92' lang='lat' dir='ltr'><strong>in</strong></span> <span class='ocrx_word' id='word_1_59' title='bbox 446 1035 517 1096; x_wconf 84' lang='lat' dir='ltr'><strong>aliis</strong></span> <span class='ocrx_word' id='word_1_60' title='bbox 546 1034 699 1116; x_wconf 83' lang='lat' dir='ltr'><strong>exemplis</strong></span> <span class='ocrx_word' id='word_1_61' title='bbox 727 1033 848 1115; x_wconf 75' lang='lat' dir='ltr'><strong>ridere,</strong></span> <span class='ocrx_word' id='word_1_62' title='bbox 883 1033 922 1096; x_wconf 85' lang='lat' dir='ltr'><strong>G.</strong></span> <span class='ocrx_word' id='word_1_63' title='bbox 945 1032 1114 1115; x_wconf 72' lang='lat' dir='ltr'><strong>Finlayum</strong></span> <span class='ocrx_word' id='word_1_64' title='bbox 1148 1035 1285 1097; x_wconf 76' lang='lat' dir='ltr'><strong>conveni</strong></span> <span class='ocrx_word' id='word_1_65' title='bbox 1313 1039 1351 1098; x_wconf 83' lang='lat' dir='ltr'><strong>nt</strong></span> 
     </span>
     <span class='ocr_line' id='line_1_9' title="bbox 201 1133 1350 1219; baseline 0.002 -21"><span class='ocrx_word' id='word_1_66' title='bbox 201 1135 317 1198; x_wconf 89' lang='lat' dir='ltr'><strong>librum</strong></span> <span class='ocrx_word' id='word_1_67' title='bbox 345 1158 417 1199; x_wconf 85' lang='lat' dir='ltr'><strong>cum</strong></span> <span class='ocrx_word' id='word_1_68' title='bbox 451 1136 559 1197; x_wconf 86' lang='lat' dir='ltr'><strong>tabula</strong></span> <span class='ocrx_word' id='word_1_69' title='bbox 589 1135 676 1196; x_wconf 89' lang='lat' dir='ltr'><strong>urbis</strong></span> <span class='ocrx_word' id='word_1_70' title='bbox 704 1146 846 1218; x_wconf 86' lang='lat' dir='ltr'><strong>emptum</strong></span> <span class='ocrx_word' id='word_1_71' title='bbox 874 1142 1094 1198; x_wconf 77' lang='lat' dir='ltr'><strong>monstrarem.</strong></span> <span class='ocrx_word' id='word_1_72' title='bbox 1145 1133 1350 1219; x_wconf 81' lang='lat' dir='ltr'><strong>Conquestus</strong></span> 
     </span>
     <span class='ocr_line' id='line_1_10' title="bbox 201 1236 1349 1320; baseline 0.003 -21"><span class='ocrx_word' id='word_1_73' title='bbox 201 1237 300 1320; x_wconf 70' lang='lat' dir='ltr'><strong>igitur</strong></span> <span class='ocrx_word' id='word_1_74' title='bbox 321 1238 406 1320; x_wconf 88' lang='lat' dir='ltr'><strong>quod</strong></span> <span class='ocrx_word' id='word_1_75' title='bbox 428 1236 523 1298; x_wconf 84' lang='lat' dir='ltr'><strong>index</strong></span> <span class='ocrx_word' id='word_1_76' title='bbox 545 1236 668 1298; x_wconf 75' lang='lat' dir='ltr'><strong>deesset</strong></span> <span class='ocrx_word' id='word_1_77' title='bbox 691 1258 755 1319; x_wconf 89' lang='lat' dir='ltr'><strong>quo</strong></span> <span class='ocrx_word' id='word_1_78' title='bbox 778 1236 854 1319; x_wconf 90' lang='lat' dir='ltr'><strong>quid</strong></span> <span class='ocrx_word' id='word_1_79' title='bbox 877 1236 938 1299; x_wconf 86' lang='lat' dir='ltr'><strong>sibi</strong></span> <span class='ocrx_word' id='word_1_80' title='bbox 967 1237 1086 1299; x_wconf 74' lang='lat' dir='ltr'><strong>vellent</strong></span> <span class='ocrx_word' id='word_1_81' title='bbox 1107 1238 1231 1299; x_wconf 90' lang='lat' dir='ltr'><strong>numeri</strong></span> <span class='ocrx_word' id='word_1_82' title='bbox 1253 1238 1349 1302; x_wconf 88' lang='lat' dir='ltr'><strong>facile</strong></span> 
     </span>
     <span class='ocr_line' id='line_1_11' title="bbox 201 1338 1349 1422; baseline 0.002 -21"><span class='ocrx_word' id='word_1_83' title='bbox 201 1339 389 1418; x_wconf 67' lang='lat' dir='ltr'><strong>disceretis,</strong></span> <span class='ocrx_word' id='word_1_84' title='bbox 423 1338 564 1420; x_wconf 78' lang='lat' dir='ltr'><strong>quaesivi</strong></span> <span class='ocrx_word' id='word_1_85' title='bbox 596 1360 615 1400; x_wconf 90' lang='lat' dir='ltr'><strong>a</strong></span> <span class='ocrx_word' id='word_1_86' title='bbox 644 1338 711 1399; x_wconf 70' lang='lat' dir='ltr'><strong>siro</strong></span> <span class='ocrx_word' id='word_1_87' title='bbox 744 1360 852 1401; x_wconf 92' lang='lat' dir='ltr'><strong>earum</strong></span> <span class='ocrx_word' id='word_1_88' title='bbox 879 1361 984 1402; x_wconf 91' lang='lat' dir='ltr'><strong>rerum</strong></span> <span class='ocrx_word' id='word_1_89' title='bbox 1018 1339 1095 1400; x_wconf 85' lang='lat' dir='ltr'><strong>satis</strong></span> <span class='ocrx_word' id='word_1_90' title='bbox 1123 1360 1241 1422; x_wconf 79' lang='lat' dir='ltr'><strong>gnaro,</strong></span> <span class='ocrx_word' id='word_1_91' title='bbox 1270 1361 1349 1403; x_wconf 92' lang='lat' dir='ltr'><strong>num</strong></span> 
     </span>
     <span class='ocr_line' id='line_1_12' title="bbox 201 1439 1348 1524; baseline 0.002 -23"><span class='ocrx_word' id='word_1_92' title='bbox 201 1440 332 1502; x_wconf 78' lang='lat' dir='ltr'><strong>vidisset</strong></span> <span class='ocrx_word' id='word_1_93' title='bbox 354 1446 447 1501; x_wconf 87' lang='lat' dir='ltr'><strong>antea</strong></span> <span class='ocrx_word' id='word_1_94' title='bbox 470 1461 539 1501; x_wconf 91' lang='lat' dir='ltr'><strong>eam</strong></span> <span class='ocrx_word' id='word_1_95' title='bbox 561 1440 710 1502; x_wconf 87' lang='lat' dir='ltr'><strong>tabulam.</strong></span> <span class='ocrx_word' id='word_1_96' title='bbox 743 1439 915 1524; x_wconf 79' lang='lat' dir='ltr'><strong>Extemplo</strong></span> <span class='ocrx_word' id='word_1_97' title='bbox 937 1440 1128 1503; x_wconf 74' lang='lat' dir='ltr'><strong>uenerabilis</strong></span> <span class='ocrx_word' id='word_1_98' title='bbox 1150 1440 1205 1503; x_wconf 90' lang='lat' dir='ltr'><strong>ille</strong></span> <span class='ocrx_word' id='word_1_99' title='bbox 1227 1440 1348 1503; x_wconf 88' lang='lat' dir='ltr'><strong>amicus</strong></span> 
     </span>
     <span class='ocr_line' id='line_1_13' title="bbox 201 1540 1350 1624; baseline 0.003 -22"><span class='ocrx_word' id='word_1_100' title='bbox 201 1563 290 1603; x_wconf 87' lang='lat' dir='ltr'><strong>meus</strong></span> <span class='ocrx_word' id='word_1_101' title='bbox 312 1562 403 1618; x_wconf 83' lang='lat' dir='ltr'><strong>suum</strong></span> <span class='ocrx_word' id='word_1_102' title='bbox 426 1540 566 1603; x_wconf 88' lang='lat' dir='ltr'><strong>eiusdem</strong></span> <span class='ocrx_word' id='word_1_103' title='bbox 588 1541 662 1603; x_wconf 86' lang='lat' dir='ltr'><strong>libri</strong></span> <span class='ocrx_word' id='word_1_104' title='bbox 684 1542 863 1624; x_wconf 83' lang='lat' dir='ltr'><strong>exemplum</strong></span> <span class='ocrx_word' id='word_1_105' title='bbox 893 1564 931 1604; x_wconf 84' lang='lat' dir='ltr'><strong>ex</strong></span> <span class='ocrx_word' id='word_1_106' title='bbox 954 1542 1067 1604; x_wconf 80' lang='lat' dir='ltr'><strong>luridis</strong></span> <span class='ocrx_word' id='word_1_107' title='bbox 1095 1541 1294 1624; x_wconf 81' lang='lat' dir='ltr'><strong>deprompsit·</strong></span> <span class='ocrx_word' id='word_1_108' title='bbox 1316 1547 1350 1606; x_wconf 86' lang='lat' dir='ltr'><strong>et·</strong></span> 
     </span>
     <span class='ocr_line' id='line_1_14' title="bbox 201 1641 1349 1726; baseline 0.003 -23"><span class='ocrx_word' id='word_1_109' title='bbox 201 1641 333 1704; x_wconf 89' lang='lat' dir='ltr'><strong>eandem</strong></span> <span class='ocrx_word' id='word_1_110' title='bbox 355 1642 443 1704; x_wconf 88' lang='lat' dir='ltr'><strong>urbis</strong></span> <span class='ocrx_word' id='word_1_111' title='bbox 470 1641 612 1705; x_wconf 87' lang='lat' dir='ltr'><strong>tabulam</strong></span> <span class='ocrx_word' id='word_1_112' title='bbox 639 1644 716 1706; x_wconf 91' lang='lat' dir='ltr'><strong>item</strong></span> <span class='ocrx_word' id='word_1_113' title='bbox 745 1644 814 1706; x_wconf 86' lang='lat' dir='ltr'><strong>sine</strong></span> <span class='ocrx_word' id='word_1_114' title='bbox 842 1642 949 1707; x_wconf 84' lang='lat' dir='ltr'><strong>indice</strong></span> <span class='ocrx_word' id='word_1_115' title='bbox 967 1644 1120 1706; x_wconf 85' lang='lat' dir='ltr'><strong>insertam</strong></span> <span class='ocrx_word' id='word_1_116' title='bbox 1148 1647 1222 1726; x_wconf 87' lang='lat' dir='ltr'><strong>post</strong></span> <span class='ocrx_word' id='word_1_117' title='bbox 1250 1643 1349 1707; x_wconf 88' lang='lat' dir='ltr'><strong>finem</strong></span> 
     </span>
     <span class='ocr_line' id='line_1_15' title="bbox 200 1743 1348 1829; baseline 0.001 -21"><span class='ocrx_word' id='word_1_118' title='bbox 200 1744 274 1808; x_wconf 82' lang='lat' dir='ltr'><strong>libri</strong></span> <span class='ocrx_word' id='word_1_119' title='bbox 296 1743 430 1807; x_wconf 82' lang='lat' dir='ltr'><strong>Pittacei</strong></span> <span class='ocrx_word' id='word_1_120' title='bbox 453 1745 593 1808; x_wconf 76' lang='lat' dir='ltr'><strong>ostendit</strong></span> <span class='ocrx_word' id='word_1_121' title='bbox 614 1746 782 1809; x_wconf 79' lang='lat' dir='ltr'><strong>subridens</strong></span> <span class='ocrx_word' id='word_1_122' title='bbox 804 1746 994 1829; x_wconf 76' lang='lat' dir='ltr'><strong>negavitque</strong></span> <span class='ocrx_word' id='word_1_123' title='bbox 1017 1767 1051 1807; x_wconf 92' lang='lat' dir='ltr'><strong>se</strong></span> <span class='ocrx_word' id='word_1_124' title='bbox 1064 1745 1239 1828; x_wconf 84' lang='lat' dir='ltr'><strong>&#39;quidquam</strong></span> <span class='ocrx_word' id='word_1_125' title='bbox 1261 1767 1348 1809; x_wconf 91' lang='lat' dir='ltr'><strong>com-</strong></span> 
     </span>
     <span class='ocr_line' id='line_1_16' title="bbox 202 1845 1349 1931; baseline 0.003 -23"><span class='ocrx_word' id='word_1_126' title='bbox 202 1856 327 1929; x_wconf 87' lang='lat' dir='ltr'><strong>pertum</strong></span> <span class='ocrx_word' id='word_1_127' title='bbox 354 1845 471 1909; x_wconf 90' lang='lat' dir='ltr'><strong>habere</strong></span> <span class='ocrx_word' id='word_1_128' title='bbox 499 1846 538 1910; x_wconf 93' lang='lat' dir='ltr'><strong>de</strong></span> <span class='ocrx_word' id='word_1_129' title='bbox 566 1870 604 1910; x_wconf 90' lang='lat' dir='ltr'><strong>eo</strong></span> <span class='ocrx_word' id='word_1_130' title='bbox 632 1848 686 1931; x_wconf 89' lang='lat' dir='ltr'><strong>qui</strong></span> <span class='ocrx_word' id='word_1_131' title='bbox 713 1848 855 1930; x_wconf 79' lang='lat' dir='ltr'><strong>fecisset3</strong></span> <span class='ocrx_word' id='word_1_132' title='bbox 884 1847 1022 1910; x_wconf 89' lang='lat' dir='ltr'><strong>indicem</strong></span> <span class='ocrx_word' id='word_1_133' title='bbox 1049 1847 1216 1909; x_wconf 89' lang='lat' dir='ltr'><strong>nominum</strong></span> <span class='ocrx_word' id='word_1_134' title='bbox 1243 1869 1285 1910; x_wconf 93' lang='lat' dir='ltr'><strong>ne</strong></span> <span class='ocrx_word' id='word_1_135' title='bbox 1314 1871 1349 1911; x_wconf 91' lang='lat' dir='ltr'><strong>se</strong></span> 
     </span>
     <span class='ocr_line' id='line_1_17' title="bbox 201 1935 939 2033; baseline 0.001 -23"><span class='ocrx_word' id='word_1_136' title='bbox 201 1949 329 2031; x_wconf 90' lang='lat' dir='ltr'><strong>quidem</strong></span> <span class='ocrx_word' id='word_1_137' title='bbox 350 1971 490 2032; x_wconf 90' lang='lat' dir='ltr'><strong>unquam</strong></span> <span class='ocrx_word' id='word_1_138' title='bbox 511 1949 660 2012; x_wconf 89' lang='lat' dir='ltr'><strong>habuisse</strong></span> <span class='ocrx_word' id='word_1_139' title='bbox 682 1953 736 2012; x_wconf 91' lang='lat' dir='ltr'><strong>aut</strong></span> <span class='ocrx_word' id='word_1_140' title='bbox 759 1935 939 2033; x_wconf 41' lang='lat' dir='ltr'><strong>uidissess&#39;).</strong></span> 
     </span>
    </p>

    <p class='ocr_par' dir='ltr' id='par_1_3' title="bbox 202 2056 1355 3468">
     <span class='ocr_line' id='line_1_18' title="bbox 286 2056 1355 2151; baseline 0.002 -23"><span class='ocrx_word' id='word_1_141' title='bbox 286 2066 390 2140; x_wconf 81' lang='lat' dir='ltr'><strong>Quum</strong></span> <span class='ocrx_word' id='word_1_142' title='bbox 412 2068 446 2129; x_wconf 90' lang='lat' dir='ltr'><strong>in</strong></span> <span class='ocrx_word' id='word_1_143' title='bbox 468 2067 577 2130; x_wconf 88' lang='lat' dir='ltr'><strong>tabula</strong></span> <span class='ocrx_word' id='word_1_144' title='bbox 598 2068 749 2149; x_wconf 74' lang='lat' dir='ltr'><strong>anonymi</strong></span> <span class='ocrx_word' id='word_1_145' title='bbox 764 2066 972 2131; x_wconf 78' lang='lat' dir='ltr'><strong>Atheniensis</strong></span> <span class='ocrx_word' id='word_1_146' title='bbox 987 2069 1094 2151; x_wconf 89' lang='lat' dir='ltr'><strong>plures</strong></span> <span class='ocrx_word' id='word_1_147' title='bbox 1109 2088 1204 2149; x_wconf 88' lang='lat' dir='ltr'><strong>quam</strong></span> <span class='ocrx_word' id='word_1_148' title='bbox 1226 2067 1261 2130; x_wconf 91' lang='lat' dir='ltr'><strong>in</strong></span> <span class='ocrx_word' id='word_1_149' title='bbox 1282 2056 1355 2130; x_wconf 84' lang='lat' dir='ltr'><strong>ulla</strong></span> 
     </span>
     <span class='ocr_line' id='line_1_19' title="bbox 202 2167 1351 2252; baseline 0.001 -21"><span class='ocrx_word' id='word_1_150' title='bbox 202 2169 264 2231; x_wconf 86' lang='lat' dir='ltr'><strong>alia</strong></span> <span class='ocrx_word' id='word_1_151' title='bbox 286 2167 394 2230; x_wconf 89' lang='lat' dir='ltr'><strong>tabula</strong></span> <span class='ocrx_word' id='word_1_152' title='bbox 417 2168 566 2230; x_wconf 88' lang='lat' dir='ltr'><strong>ecclesias</strong></span> <span class='ocrx_word' id='word_1_153' title='bbox 589 2169 784 2252; x_wconf 76' lang='lat' dir='ltr'><strong>significatas</strong></span> <span class='ocrx_word' id='word_1_154' title='bbox 807 2191 876 2232; x_wconf 89' lang='lat' dir='ltr'><strong>esse</strong></span> <span class='ocrx_word' id='word_1_155' title='bbox 898 2174 993 2251; x_wconf 88' lang='lat' dir='ltr'><strong>atque</strong></span> <span class='ocrx_word' id='word_1_156' title='bbox 1021 2171 1054 2231; x_wconf 92' lang='lat' dir='ltr'><strong>in</strong></span> <span class='ocrx_word' id='word_1_157' title='bbox 1082 2191 1120 2232; x_wconf 90' lang='lat' dir='ltr'><strong>eo</strong></span> <span class='ocrx_word' id='word_1_158' title='bbox 1143 2168 1197 2251; x_wconf 93' lang='lat' dir='ltr'><strong>qui</strong></span> <span class='ocrx_word' id='word_1_159' title='bbox 1219 2167 1351 2232; x_wconf 80' lang='lat' dir='ltr'><strong>fecisset</strong></span> 
     </span>
     <span class='ocr_line' id='line_1_20' title="bbox 203 2268 1350 2355; baseline 0.003 -24"><span class='ocrx_word' id='word_1_160' title='bbox 203 2271 345 2332; x_wconf 85' lang='lat' dir='ltr'><strong>locorum</strong></span> <span class='ocrx_word' id='word_1_161' title='bbox 367 2268 514 2352; x_wconf 87' lang='lat' dir='ltr'><strong>peritiam</strong></span> <span class='ocrx_word' id='word_1_162' title='bbox 536 2270 634 2332; x_wconf 83' lang='lat' dir='ltr'><strong>fuisse</strong></span> <span class='ocrx_word' id='word_1_163' title='bbox 653 2271 856 2351; x_wconf 77' lang='lat' dir='ltr'><strong>vidissemus,</strong></span> <span class='ocrx_word' id='word_1_164' title='bbox 879 2293 994 2355; x_wconf 83' lang='lat' dir='ltr'><strong>operae</strong></span> <span class='ocrx_word' id='word_1_165' title='bbox 1016 2271 1153 2354; x_wconf 88' lang='lat' dir='ltr'><strong>pretium</strong></span> <span class='ocrx_word' id='word_1_166' title='bbox 1173 2271 1242 2333; x_wconf 88' lang='lat' dir='ltr'><strong>fore</strong></span> <span class='ocrx_word' id='word_1_167' title='bbox 1257 2273 1350 2352; x_wconf 86' lang='lat' dir='ltr'><strong>puta·</strong></span> 
     </span>
     <span class='ocr_line' id='line_1_21' title="bbox 204 2371 1350 2456; baseline 0.004 -24"><span class='ocrx_word' id='word_1_168' title='bbox 204 2372 307 2434; x_wconf 82' lang='lat' dir='ltr'><strong>rimus</strong></span> <span class='ocrx_word' id='word_1_169' title='bbox 329 2374 480 2453; x_wconf 89' lang='lat' dir='ltr'><strong>tanquam</strong></span> <span class='ocrx_word' id='word_1_170' title='bbox 502 2371 644 2434; x_wconf 82' lang='lat' dir='ltr'><strong>codicem</strong></span> <span class='ocrx_word' id='word_1_171' title='bbox 667 2372 750 2435; x_wconf 81' lang='lat' dir='ltr'><strong>lectu</strong></span> <span class='ocrx_word' id='word_1_172' title='bbox 779 2371 942 2435; x_wconf 90' lang='lat' dir='ltr'><strong>difficilem</strong></span> <span class='ocrx_word' id='word_1_173' title='bbox 969 2373 1127 2456; x_wconf 80' lang='lat' dir='ltr'><strong>explicare</strong></span> <span class='ocrx_word' id='word_1_174' title='bbox 1154 2371 1350 2455; x_wconf 86' lang='lat' dir='ltr'><strong>nominaque</strong></span> 
     </span>
     <span class='ocr_line' id='line_1_22' title="bbox 203 2471 1350 2557; baseline 0.001 -22"><span class='ocrx_word' id='word_1_175' title='bbox 203 2496 241 2536; x_wconf 83' lang='lat' dir='ltr'><strong>ex</strong></span> <span class='ocrx_word' id='word_1_176' title='bbox 263 2471 450 2536; x_wconf 82' lang='lat' dir='ltr'><strong>Schanberti</strong></span> <span class='ocrx_word' id='word_1_177' title='bbox 478 2473 674 2557; x_wconf 90' lang='lat' dir='ltr'><strong>aliorumque</strong></span> <span class='ocrx_word' id='word_1_178' title='bbox 702 2474 968 2556; x_wconf 77' lang='lat' dir='ltr'><strong>descriptionibus</strong></span> <span class='ocrx_word' id='word_1_179' title='bbox 997 2475 1192 2556; x_wconf 87' lang='lat' dir='ltr'><strong>conquirere.</strong></span> <span class='ocrx_word' id='word_1_180' title='bbox 1236 2472 1350 2557; x_wconf 85' lang='lat' dir='ltr'><strong>Itaque</strong></span> 
     </span>
     <span class='ocr_line' id='line_1_23' title="bbox 202 2574 1349 2659; baseline 0.001 -21"><span class='ocrx_word' id='word_1_181' title='bbox 202 2574 356 2638; x_wconf 84' lang='lat' dir='ltr'><strong>tractibus</strong></span> <span class='ocrx_word' id='word_1_182' title='bbox 378 2575 499 2637; x_wconf 70' lang='lat' dir='ltr'><strong>siarum</strong></span> <span class='ocrx_word' id='word_1_183' title='bbox 528 2579 560 2638; x_wconf 92' lang='lat' dir='ltr'><strong>et</strong></span> <span class='ocrx_word' id='word_1_184' title='bbox 581 2577 765 2639; x_wconf 87' lang='lat' dir='ltr'><strong>semitarum</strong></span> <span class='ocrx_word' id='word_1_185' title='bbox 792 2576 983 2659; x_wconf 87' lang='lat' dir='ltr'><strong>comparatis</strong></span> <span class='ocrx_word' id='word_1_186' title='bbox 1006 2581 1038 2638; x_wconf 91' lang='lat' dir='ltr'><strong>et</strong></span> <span class='ocrx_word' id='word_1_187' title='bbox 1067 2576 1192 2639; x_wconf 91' lang='lat' dir='ltr'><strong>aedium</strong></span> <span class='ocrx_word' id='word_1_188' title='bbox 1218 2576 1349 2658; x_wconf 90' lang='lat' dir='ltr'><strong>propin-</strong></span> 
     </span>
     <span class='ocr_line' id='line_1_24' title="bbox 202 2677 1349 2762; baseline -0.003 -20"><span class='ocrx_word' id='word_1_189' title='bbox 202 2678 375 2762; x_wconf 83' lang='lat' dir='ltr'><strong>quitatibus</strong></span> <span class='ocrx_word' id='word_1_190' title='bbox 404 2678 595 2759; x_wconf 84' lang='lat' dir='ltr'><strong>obserratis‚</strong></span> <span class='ocrx_word' id='word_1_191' title='bbox 624 2677 835 2762; x_wconf 85' lang='lat' dir='ltr'><strong>Lithographi</strong></span> <span class='ocrx_word' id='word_1_192' title='bbox 868 2678 1020 2760; x_wconf 71' lang='lat' dir='ltr'><strong>anonymi</strong></span> <span class='ocrx_word' id='word_1_193' title='bbox 1054 2678 1212 2760; x_wconf 89' lang='lat' dir='ltr'><strong>plerisque</strong></span> <span class='ocrx_word' id='word_1_194' title='bbox 1246 2677 1349 2761; x_wconf 84' lang='lat' dir='ltr'><strong>signis</strong></span> 
     </span>
     <span class='ocr_line' id='line_1_25' title="bbox 202 2778 1348 2860; baseline -0.003 -17"><span class='ocrx_word' id='word_1_195' title='bbox 202 2780 381 2843; x_wconf 81' lang='lat' dir='ltr'><strong>invenimus</strong></span> <span class='ocrx_word' id='word_1_196' title='bbox 403 2781 541 2843; x_wconf 87' lang='lat' dir='ltr'><strong>nomina</strong></span> <span class='ocrx_word' id='word_1_197' title='bbox 571 2780 636 2843; x_wconf 86' lang='lat' dir='ltr'><strong>Eas</strong></span> <span class='ocrx_word' id='word_1_198' title='bbox 659 2802 749 2843; x_wconf 89' lang='lat' dir='ltr'><strong>curas</strong></span> <span class='ocrx_word' id='word_1_199' title='bbox 771 2778 937 2842; x_wconf 87' lang='lat' dir='ltr'><strong>inchoatas</strong></span> <span class='ocrx_word' id='word_1_200' title='bbox 952 2778 1088 2841; x_wconf 81' lang='lat' dir='ltr'><strong>Athenis</strong></span> <span class='ocrx_word' id='word_1_201' title='bbox 1111 2778 1271 2860; x_wconf 72' lang='grc'><strong>11111866,</strong></span> <span class='ocrx_word' id='word_1_202' title='bbox 1294 2778 1348 2841; x_wconf 81' lang='lat' dir='ltr'><strong>ab</strong></span> 
     </span>
     <span class='ocr_line' id='line_1_26' title="bbox 203 2879 1348 2964; baseline -0.002 -20"><span class='ocrx_word' id='word_1_203' title='bbox 203 2883 324 2944; x_wconf 86' lang='lat' dir='ltr'><strong>solutas</strong></span> <span class='ocrx_word' id='word_1_204' title='bbox 346 2882 433 2943; x_wconf 91' lang='lat' dir='ltr'><strong>domi</strong></span> <span class='ocrx_word' id='word_1_205' title='bbox 450 2881 589 2964; x_wconf 83' lang='lat' dir='ltr'><strong>Georgio</strong></span> <span class='ocrx_word' id='word_1_206' title='bbox 605 2880 821 2961; x_wconf 85' lang='lat' dir='ltr'><strong>Kohlmanno,</strong></span> <span class='ocrx_word' id='word_1_207' title='bbox 844 2879 1059 2964; x_wconf 84' lang='lat' dir='ltr'><strong>lithographo,</strong></span> <span class='ocrx_word' id='word_1_208' title='bbox 1081 2882 1171 2963; x_wconf 89' lang='lat' dir='ltr'><strong>patre</strong></span> <span class='ocrx_word' id='word_1_209' title='bbox 1187 2879 1348 2943; x_wconf 85' lang='lat' dir='ltr'><strong>Germano</strong></span> 
     </span>
     <span class='ocr_line' id='line_1_27' title="bbox 203 2980 1349 3064; baseline 0 -21"><span class='ocrx_word' id='word_1_210' title='bbox 203 2980 340 3043; x_wconf 87' lang='lat' dir='ltr'><strong>Athenis</strong></span> <span class='ocrx_word' id='word_1_211' title='bbox 363 2986 440 3044; x_wconf 88' lang='lat' dir='ltr'><strong>nato</strong></span> <span class='ocrx_word' id='word_1_212' title='bbox 447 3031 456 3062; x_wconf 84' lang='lat'><strong><em>,</em></strong></span> <span class='ocrx_word' id='word_1_213' title='bbox 484 2981 628 3042; x_wconf 90' lang='lat' dir='ltr'><strong>misimus</strong></span> <span class='ocrx_word' id='word_1_214' title='bbox 657 2984 806 3064; x_wconf 86' lang='lat' dir='ltr'><strong>rogantes</strong></span> <span class='ocrx_word' id='word_1_215' title='bbox 832 2983 868 3042; x_wconf 81' lang='lat' dir='ltr'><strong>ut</strong></span> <span class='ocrx_word' id='word_1_216' title='bbox 895 2981 922 3042; x_wconf 90' lang='lat' dir='ltr'><strong>si</strong></span> <span class='ocrx_word' id='word_1_217' title='bbox 951 2981 1026 3063; x_wconf 91' lang='lat' dir='ltr'><strong>quid</strong></span> <span class='ocrx_word' id='word_1_218' title='bbox 1056 2982 1172 3044; x_wconf 90' lang='lat' dir='ltr'><strong>falsum</strong></span> <span class='ocrx_word' id='word_1_219' title='bbox 1198 3003 1349 3044; x_wconf 85' lang='lat' dir='ltr'><strong>mancum</strong></span> 
     </span>
     <span class='ocr_line' id='line_1_28' title="bbox 203 3080 1348 3165; baseline 0.001 -20"><span class='ocrx_word' id='word_1_220' title='bbox 203 3083 358 3145; x_wconf 87' lang='lat' dir='ltr'><strong>incertum</strong></span> <span class='ocrx_word' id='word_1_221' title='bbox 386 3086 470 3144; x_wconf 88' lang='lat' dir='ltr'><strong>esset</strong></span> <span class='ocrx_word' id='word_1_222' title='bbox 497 3080 679 3144; x_wconf 85' lang='lat' dir='ltr'><strong>emendaret</strong></span> <span class='ocrx_word' id='word_1_223' title='bbox 707 3082 869 3165; x_wconf 89' lang='lat' dir='ltr'><strong>suppleret</strong></span> <span class='ocrx_word' id='word_1_224' title='bbox 897 3083 1107 3146; x_wconf 87' lang='lat' dir='ltr'><strong>confirmaret.</strong></span> <span class='ocrx_word' id='word_1_225' title='bbox 1151 3082 1223 3146; x_wconf 85' lang='lat' dir='ltr'><strong>Hoc</strong></span> <span class='ocrx_word' id='word_1_226' title='bbox 1250 3083 1348 3146; x_wconf 93' lang='lat' dir='ltr'><strong>modo</strong></span> 
     </span>
     <span class='ocr_line' id='line_1_29' title="bbox 204 3183 1348 3266; baseline 0 -20"><span class='ocrx_word' id='word_1_227' title='bbox 204 3184 393 3266; x_wconf 82' lang='lat' dir='ltr'><strong>explicatam</strong></span> <span class='ocrx_word' id='word_1_228' title='bbox 408 3186 440 3245; x_wconf 92' lang='lat' dir='ltr'><strong>et</strong></span> <span class='ocrx_word' id='word_1_229' title='bbox 455 3183 694 3265; x_wconf 85' lang='lat' dir='ltr'><strong>comprobatam</strong></span> <span class='ocrx_word' id='word_1_230' title='bbox 708 3184 859 3266; x_wconf 72' lang='lat' dir='ltr'><strong>anonymi</strong></span> <span class='ocrx_word' id='word_1_231' title='bbox 874 3184 1029 3266; x_wconf 80' lang='lat' dir='ltr'><strong>tabulam,</strong></span> <span class='ocrx_word' id='word_1_232' title='bbox 1051 3187 1194 3247; x_wconf 82' lang='lat' dir='ltr'><strong>nostram</strong></span> <span class='ocrx_word' id='word_1_233' title='bbox 1215 3184 1348 3247; x_wconf 83' lang='lat' dir='ltr'><strong>fecimus</strong></span> 
     </span>
     <span class='ocr_line' id='line_1_30' title="bbox 204 3283 1348 3370; baseline 0.001 -24"><span class='ocrx_word' id='word_1_234' title='bbox 204 3290 297 3367; x_wconf 87' lang='lat' dir='ltr'><strong>atque</strong></span> <span class='ocrx_word' id='word_1_235' title='bbox 320 3283 394 3346; x_wconf 86' lang='lat' dir='ltr'><strong>huic</strong></span> <span class='ocrx_word' id='word_1_236' title='bbox 422 3284 503 3346; x_wconf 90' lang='lat' dir='ltr'><strong>libro</strong></span> <span class='ocrx_word' id='word_1_237' title='bbox 531 3284 731 3348; x_wconf 79' lang='lat' dir='ltr'><strong>subiecimus</strong></span> <span class='ocrx_word' id='word_1_238' title='bbox 775 3285 913 3349; x_wconf 80' lang='lat' dir='ltr'><strong>Nostrae</strong></span> <span class='ocrx_word' id='word_1_239' title='bbox 942 3286 1041 3370; x_wconf 85' lang='lat' dir='ltr'><strong>igitur</strong></span> <span class='ocrx_word' id='word_1_240' title='bbox 1068 3286 1194 3349; x_wconf 89' lang='lat' dir='ltr'><strong>tabulae</strong></span> <span class='ocrx_word' id='word_1_241' title='bbox 1216 3283 1348 3348; x_wconf 83' lang='lat' dir='ltr'><strong>fundam</strong></span> 
     </span>
     <span class='ocr_line' id='line_1_31' title="bbox 204 3386 678 3468; baseline 0 -19"><span class='ocrx_word' id='word_1_242' title='bbox 204 3389 313 3452; x_wconf 89' lang='lat' dir='ltr'><strong>entum</strong></span> <span class='ocrx_word' id='word_1_243' title='bbox 335 3386 486 3448; x_wconf 88' lang='lat' dir='ltr'><strong>debemus</strong></span> <span class='ocrx_word' id='word_1_244' title='bbox 508 3407 678 3468; x_wconf 87' lang='lat' dir='ltr'><strong>anonymo.</strong></span> 
     </span>
    </p>
   </div>
   <div class='ocr_carea' id='block_1_3' title="bbox 206 3561 408 3570">
    <p class='ocr_par' dir='ltr' id='par_1_4' title="bbox 206 3561 408 3570">
     <span class='ocr_line' id='line_1_32' title="bbox 206 3561 408 3570; baseline -0.01 0"><span class='ocrx_word' id='word_1_245' title='bbox 206 3561 408 3570; x_wconf 77' lang='lat'>——--..-.--</span> 
     </span>
    </p>
   </div>
   <div class='ocr_carea' id='block_1_4' title="bbox 203 3672 1348 3829">
    <p class='ocr_par' dir='ltr' id='par_1_5' title="bbox 203 3672 1348 3829">
     <span class='ocr_line' id='line_1_33' title="bbox 203 3672 1348 3744; baseline -0.002 -16"><span class='ocrx_word' id='word_1_246' title='bbox 203 3674 410 3744; x_wconf 84' lang='lat' dir='ltr'><strong>Lithographus</strong></span> <span class='ocrx_word' id='word_1_247' title='bbox 428 3673 507 3727; x_wconf 85' lang='lat' dir='ltr'><strong>extra</strong></span> <span class='ocrx_word' id='word_1_248' title='bbox 524 3674 635 3727; x_wconf 87' lang='lat' dir='ltr'><strong>moenia</strong></span> <span class='ocrx_word' id='word_1_249' title='bbox 652 3672 779 3741; x_wconf 87' lang='lat' dir='ltr'><strong>quidem,</strong></span> <span class='ocrx_word' id='word_1_250' title='bbox 802 3675 852 3728; x_wconf 89' lang='lat' dir='ltr'><strong>sed</strong></span> <span class='ocrx_word' id='word_1_251' title='bbox 868 3690 958 3742; x_wconf 89' lang='lat' dir='ltr'><strong>prope</strong></span> <span class='ocrx_word' id='word_1_252' title='bbox 981 3691 999 3727; x_wconf 87' lang='lat' dir='ltr'><strong>a</strong></span> <span class='ocrx_word' id='word_1_253' title='bbox 1021 3674 1136 3742; x_wconf 85' lang='lat' dir='ltr'><strong>regione</strong></span> <span class='ocrx_word' id='word_1_254' title='bbox 1155 3673 1348 3740; x_wconf 85' lang='lat' dir='ltr'><strong>‚,Cala1i1ioti“</strong></span> 
     </span>
     <span class='ocr_line' id='line_1_34' title="bbox 205 3758 889 3829; baseline -0.004 -16"><span class='ocrx_word' id='word_1_255' title='bbox 205 3758 383 3829; x_wconf 61' lang='lat' dir='ltr'><strong>significaris</strong></span> <span class='ocrx_word' id='word_1_256' title='bbox 403 3759 436 3811; x_wconf 80' lang='lat' dir='ltr'><strong>of.</strong></span> <span class='ocrx_word' id='word_1_257' title='bbox 455 3776 481 3810; x_wconf 92' lang='grc'><strong>11.</strong></span> <span class='ocrx_word' id='word_1_258' title='bbox 503 3763 552 3812; x_wconf 83' lang='grc'><strong>156</strong></span> <span class='ocrx_word' id='word_1_259' title='bbox 570 3758 599 3810; x_wconf 78' lang='lat' dir='ltr'><strong>et</strong></span> <span class='ocrx_word' id='word_1_260' title='bbox 618 3764 675 3823; x_wconf 76' lang='lat'><strong>157,</strong></span> <span class='ocrx_word' id='word_1_261' title='bbox 692 3758 784 3812; x_wconf 85' lang='lat' dir='ltr'><strong>Aedes</strong></span> <span class='ocrx_word' id='word_1_262' title='bbox 800 3758 889 3826; x_wconf 84' lang='lat' dir='ltr'><strong>ignot.</strong></span> 
     </span>
    </p>
   </div>
   <div class='ocr_carea' id='block_1_5' title="bbox 289 3859 1057 3928">
    <p class='ocr_par' dir='ltr' id='par_1_6' title="bbox 289 3859 1057 3928">
     <span class='ocr_line' id='line_1_35' title="bbox 289 3859 1057 3928; baseline 0.001 -16"><span class='ocrx_word' id='word_1_263' title='bbox 289 3864 316 3928; x_wconf 68' lang='lat'><strong>¹¹²)</strong></span> <span class='ocrx_word' id='word_1_264' title='bbox 334 3859 499 3913; x_wconf 85' lang='lat' dir='ltr'><strong>L&#39;ancienne</strong></span> <span class='ocrx_word' id='word_1_265' title='bbox 517 3860 638 3914; x_wconf 80' lang='lat' dir='ltr'><strong>Athenes</strong></span> <span class='ocrx_word' id='word_1_266' title='bbox 656 3877 708 3928; x_wconf 88' lang='lat' dir='ltr'><strong>par</strong></span> <span class='ocrx_word' id='word_1_267' title='bbox 725 3861 758 3914; x_wconf 90' lang='lat' dir='ltr'><strong>K.</strong></span> <span class='ocrx_word' id='word_1_268' title='bbox 778 3860 804 3913; x_wconf 87' lang='lat' dir='ltr'><strong>S.</strong></span> <span class='ocrx_word' id='word_1_269' title='bbox 823 3859 959 3928; x_wconf 72' lang='lat' dir='ltr'><strong>Pittakys.</strong></span> <span class='ocrx_word' id='word_1_270' title='bbox 985 3866 1057 3915; x_wconf 79' lang='lat'>1835.</span> 
     </span>
    </p>
   </div>
   <div class='ocr_carea' id='block_1_6' title="bbox 205 3961 1348 4270">
    <p class='ocr_par' dir='ltr' id='par_1_7' title="bbox 205 3961 1348 4270">
     <span class='ocr_line' id='line_1_36' title="bbox 273 3961 1348 4030; baseline -0.001 -15"><span class='ocrx_word' id='word_1_271' title='bbox 273 3964 315 4027; x_wconf 56' lang='lat'><strong>¹³)</strong></span> <span class='ocrx_word' id='word_1_272' title='bbox 335 3961 449 4016; x_wconf 84' lang='lat' dir='ltr'><strong>Carolus</strong></span> <span class='ocrx_word' id='word_1_273' title='bbox 468 3961 605 4026; x_wconf 87' lang='lat' dir='ltr'><strong>Halmius,</strong></span> <span class='ocrx_word' id='word_1_274' title='bbox 629 3961 812 4030; x_wconf 83' lang='lat' dir='ltr'><strong>peritissimus</strong></span> <span class='ocrx_word' id='word_1_275' title='bbox 833 3961 880 4015; x_wconf 88' lang='lat' dir='ltr'><strong>ille</strong></span> <span class='ocrx_word' id='word_1_276' title='bbox 898 3961 1086 4016; x_wconf 84' lang='lat' dir='ltr'><strong>bibliothecae</strong></span> <span class='ocrx_word' id='word_1_277' title='bbox 1103 3961 1277 4016; x_wconf 85' lang='lat' dir='ltr'><strong>Monacensis</strong></span> <span class='ocrx_word' id='word_1_278' title='bbox 1297 3979 1348 4015; x_wconf 87' lang='lat' dir='ltr'><strong>an-</strong></span> 
     </span>
     <span class='ocr_line' id='line_1_37' title="bbox 205 4045 1348 4117; baseline 0 -18"><span class='ocrx_word' id='word_1_279' title='bbox 205 4046 297 4111; x_wconf 83' lang='lat' dir='ltr'><strong>tistes,</strong></span> <span class='ocrx_word' id='word_1_280' title='bbox 314 4063 365 4114; x_wconf 87' lang='lat' dir='ltr'><strong>per</strong></span> <span class='ocrx_word' id='word_1_281' title='bbox 386 4047 482 4100; x_wconf 86' lang='lat' dir='ltr'><strong>literas</strong></span> <span class='ocrx_word' id='word_1_282' title='bbox 504 4047 634 4114; x_wconf 85' lang='lat' dir='ltr'><strong>rogatus,</strong></span> <span class='ocrx_word' id='word_1_283' title='bbox 656 4045 791 4099; x_wconf 87' lang='lat' dir='ltr'><strong>librorum</strong></span> <span class='ocrx_word' id='word_1_284' title='bbox 812 4045 839 4099; x_wconf 90' lang='lat' dir='ltr'><strong>id</strong></span> <span class='ocrx_word' id='word_1_285' title='bbox 864 4063 952 4113; x_wconf 84' lang='lat' dir='ltr'><strong>genus</strong></span> <span class='ocrx_word' id='word_1_286' title='bbox 974 4065 1055 4102; x_wconf 90' lang='lat' dir='ltr'><strong>omne</strong></span> <span class='ocrx_word' id='word_1_287' title='bbox 1077 4048 1262 4117; x_wconf 81' lang='lat' dir='ltr'><strong>posteaquam</strong></span> <span class='ocrx_word' id='word_1_288' title='bbox 1284 4062 1348 4099; x_wconf 85' lang='lat' dir='ltr'><strong>mea</strong></span> 
     </span>
     <span class='ocr_line' id='line_1_38' title="bbox 206 4129 1347 4201; baseline 0.002 -20"><span class='ocrx_word' id='word_1_289' title='bbox 206 4129 299 4197; x_wconf 79' lang='lat' dir='ltr'><strong>gralia</strong></span> <span class='ocrx_word' id='word_1_290' title='bbox 316 4130 480 4198; x_wconf 80' lang='lat' dir='ltr'><strong>perquisivit</strong></span> <span class='ocrx_word' id='word_1_291' title='bbox 502 4134 531 4186; x_wconf 90' lang='lat' dir='ltr'><strong>et</strong></span> <span class='ocrx_word' id='word_1_292' title='bbox 552 4129 767 4201; x_wconf 83' lang='lat' dir='ltr'><strong>pervestigavit,</strong></span> <span class='ocrx_word' id='word_1_293' title='bbox 791 4131 930 4199; x_wconf 77' lang='lat' dir='ltr'><strong>Anonymi</strong></span> <span class='ocrx_word' id='word_1_294' title='bbox 952 4133 1079 4186; x_wconf 85' lang='lat' dir='ltr'><strong>tabulam</strong></span> <span class='ocrx_word' id='word_1_295' title='bbox 1100 4132 1215 4201; x_wconf 57' lang='lat' dir='ltr'><strong>nefflit</strong></span> <span class='ocrx_word' id='word_1_296' title='bbox 1237 4129 1347 4185; x_wconf 84' lang='lat' dir='ltr'><strong>Monaoi</strong></span> 
     </span>
     <span class='ocr_line' id='line_1_39' title="bbox 206 4213 529 4270; baseline 0.012 -4"><span class='ocrx_word' id='word_1_297' title='bbox 206 4229 266 4267; x_wconf 83' lang='lat' dir='ltr'><strong>esse</strong></span> <span class='ocrx_word' id='word_1_298' title='bbox 283 4213 386 4267; x_wconf 89' lang='lat' dir='ltr'><strong>nedum</strong></span> <span class='ocrx_word' id='word_1_299' title='bbox 402 4215 529 4270; x_wconf 87' lang='lat' dir='ltr'><strong>indicem.</strong></span> 
     </span>
    </p>
   </div>
   <div class='ocr_carea' id='block_1_7' title="bbox 0 0 1447 4868">
    <p class='ocr_par' dir='ltr' id='par_1_8' title="bbox 0 0 1447 4868">
     <span class='ocr_line' id='line_1_40' title="bbox 0 0 1447 4868; baseline 0 0"><span class='ocrx_word' id='word_1_300' title='bbox 0 0 1447 4868; x_wconf 95' lang='lat' dir='ltr'><strong> </strong></span> 
     </span>
    </p>
   </div>
  </div>
 </body>
</html>
