2872 4876
643 285 813 357 Apparatus.
1281 296 1299 358 7

151 470 232 514 mus.
271 449 412 525 Quarum
434 451 467 512 et
487 449 619 513 nomina
640 451 672 513 et
694 449 774 513 situs
796 453 942 516 constare
963 456 1169 541 putabamus,
1192 482 1244 525 eas
1266 462 1301 526 in
1346 518 1355 533 .

153 552 262 616 tabula
284 547 506 635 expressimus,

235 653 275 716 In
297 652 406 717 tabula
426 654 538 717 nostra
564 649 643 715 alias
669 652 794 736 quoque
820 675 871 717 res
897 653 1070 740 descriptas
1096 659 1239 725 invenies
1264 666 1301 728 ut
1407 706 1412 717 ·

149 757 278 839 puteos,
313 753 434 837 templa
462 753 644 818 Thimarum.
694 753 803 819 Etiam
830 755 954 820 viarum
989 760 1021 821 et
1054 761 1238 826 semitarum
1268 767 1301 828 et

149 857 328 941 platearum
356 855 534 919 addidimus
561 855 710 938 nomina,
739 877 875 939 quorum
902 857 1039 923 Athenis
1073 862 1201 945 quidem
1231 886 1299 930 non

151 959 288 1022 multum
304 979 373 1021 esse
394 979 488 1021 usum
509 956 662 1040 fatemur,
686 957 726 1021 cf.
749 979 781 1041 p.
797 957 835 1043 23
857 960 977 1023 nostris
993 964 1100 1026 tamen
1115 962 1298 1030 hominibus

150 1058 317 1124 commoda
339 1060 372 1123 et
392 1057 508 1122 idonea
530 1079 598 1122 esse
621 1057 812 1122 videbuntur
833 1058 874 1122 ad
895 1059 966 1125 loca
987 1062 1206 1147 significanda.

232 1160 404 1244 Neapolim
436 1158 629 1241 omittimus,
662 1163 698 1223 ut
728 1182 795 1223 non
829 1182 908 1244 quae
940 1184 1026 1227 nunc
1054 1169 1103 1228 est
1131 1167 1206 1230 urbs
1238 1168 1297 1232 sub

148 1266 311 1347 aspectum
334 1262 535 1344 subiiciatur,
565 1261 621 1325 sed
638 1268 728 1345 'quae
758 1262 820 1333 fuit
841 1262 907 1327 fere
930 1285 979 1327 an.
1005 1266 1102 1350 1820,
1130 1267 1192 1332 hoe
1218 1264 1313 1334 tem?
1342 1355 1345 1359 .

147 1386 224 1448 pore
247 1366 353 1428 autem
375 1364 450 1427 urbs
473 1367 563 1426 vetus
586 1362 719 1426 dicenda
741 1366 797 1427 est.

556 1801 558 1805 ψ
623 1753 745 1850 capue
770 1712 839 1829 ns

551 1953 894 2057 Apparatus.

503 2159 531 2212 1.
572 2158 608 2212 P»
630 2156 802 2214 coronellil
819 2157 937 2214 tabula.

164 2283 196 2360 ,’
228 2277 353 2341 Folium
375 2299 537 2361 magnum,
560 2275 596 2339 in
617 2298 679 2360 quo
695 2276 806 2340 urbem
820 2276 874 2359 ‚ia
893 2275 1113 2342 adumbratam
1134 2276 1235 2342 habes
1257 2281 1294 2343 ut

146 2380 185 2442 de
213 2380 284 2443 loco
313 2379 474 2461 superiore
501 2379 537 2440 in
565 2377 676 2440 domos
705 2377 867 2461 despicere
893 2377 1029 2441 videare.
1075 2377 1136 2453 Qui
1158 2377 1235 2443 fecit
1256 2378 1291 2445 P.

144 2479 345 2544 Coronellius
378 2478 511 2542 eandem
545 2477 754 2542 adumbrandi
781 2478 940 2542 rationem
966 2481 1093 2543 secutus
1121 2481 1171 2542 est
1198 2501 1292 2563 quam

144 2583 334 2661 Anonymus
361 2578 564 2642 Fanellianus
592 2582 625 2643 et
651 2580 679 2642 is
708 2580 762 2662 qui
790 2579 934 2643 tabulam
960 2579 1037 2644 feeit
1064 2580 1104 2642 ab
1131 2579 1291 2645 Labordio

144 2681 179 2743 in
201 2679 361 2742 Additam.
379 2678 550 2763 editam*)3
572 2701 648 2742 nam
668 2679 703 2742 hi
726 2700 850 2761 quoque
874 2678 1058 2760 despectum
1079 2679 1181 2763 magis
1197 2702 1292 2764 quam

145 2782 330 2864 adspectum
344 2779 544 2843 Athenarum
558 2782 742 2862 posuerunt.
786 2777 887 2840 Iudex
903 2776 974 2841 folii
988 2777 1207 2844 Coronelliani
1220 2803 1290 2864 par·

143 2884 202 2947 tim
232 2883 267 2946 in
295 2882 440 2966 margine
468 2881 629 2964 superiore
663 2879 794 2963 legitur:
827 2878 947 2942 Antica
981 2901 998 2942 e
1032 2879 1186 2944 moderna
1214 2881 1292 2946 uitta

144 2986 299 3068 d’Atene‚
329 2983 472 3047 dedicata
494 2982 547 3046 dal
568 2982 604 3046 P.
628 2980 805 3062 Coronelli‚
831 2981 951 3064 partim
977 2981 1012 3044 in
1040 2980 1184 3066 margine
1210 2983 1290 3048 infe·

142 3089 241 3152 riore:
279 3086 330 3150 all’
353 3083 512 3148 illustriss.
543 3086 575 3147 et
609 3081 816 3146 eccellentiss.
847 3083 906 3167 sig.
937 3082 1077 3148 Oristino
1104 3081 1289 3169 Martinelli,

142 3189 272 3273 patritio
294 3186 429 3252 Veneto
474 3185 568 3249 Locis
591 3184 698 3249 addita
720 3185 796 3247 sunt
814 3184 946 3248 nomina
967 3184 1048 3267 aliis,
1071 3183 1143 3247 aliis
1164 3187 1289 3250 numeri

145 3291 262 3372 1-39,
291 3310 370 3372 quos
392 3288 427 3350 in
450 3289 595 3370 separata
622 3286 693 3348 folii
714 3287 804 3368 parte
826 3285 977 3349 collectos
1000 3284 1170 3369 explicavit
1192 3285 1289 3351 Coro·

144 3390 273 3474 nellius3
302 3411 397 3471 supra
425 3388 504 3452 haee
531 3387 674 3470 scripsit:
702 3385 823 3449 Tavola
850 3386 932 3449 delle
956 3407 1029 3450 cose
1050 3386 1106 3468 piu
1128 3390 1288 3461 esserrate

111 3510 115 3519 ⁶
144 3492 179 3554 in
201 3493 312 3573 questo
335 3476 709 3574 disegnoflconografieo
732 3486 887 3570 rhene,
911 3509 1004 3570 prese
1028 3486 1068 3550 da
1089 3485 1223 3568 Veneti,
1254 3487 1289 3549 in

143 3593 162 3656 8
185 3591 293 3675 giorni
316 3589 491 3673 d'assedi0‚
520 3590 607 3655 1128
631 3590 802 3654 settembre
824 3589 875 3651 del
899 3589 991 3653 1687.
1014 3626 1057 3635 -
1077 3587 1113 3651 Ρ.
1137 3586 1287 3651 Coronel·

143 3695 204 3757 lius
228 3690 283 3775 qui
305 3691 382 3754 feeit
403 3692 585 3755 ann01687
609 3691 746 3754 dubitari
767 3691 874 3775 potest
895 3689 1032 3754 fueritne
1047 3687 1184 3752 Athenis
1199 3707 1287 3770 prae-

141 3799 211 3859 tore
234 3793 438 3875 Mauroeen0‚
461 3814 503 3855 an
518 3792 604 3855 domi
627 3814 683 3855 sua
699 3790 936 3876 excogitaverit,
958 3793 994 3854 ut
1009 3789 1177 3855 Guilletus.
1214 3786 1287 3873 Ego

142 3897 174 3961 id
195 3896 309 3960 folium
331 3916 398 3958 non
419 3893 578 3976 vidissem,
600 3893 663 3957 nisi
684 3891 822 3958 Oonzius
842 3891 1005 3975 professor
1025 3888 1175 3952 Halensis
1197 3891 1286 3953 uten-
1415 3927 1418 3933 ·

143 4000 217 4062 dum
239 3997 319 4061 mihi
342 3996 490 4060 dedisset.
533 3993 593 4059 Vir
614 3994 754 4078 optimus
776 3994 860 4056 ultra
880 3992 1042 4077 pollicitus
1065 4010 1099 4052 se
1118 3990 1230 4054 urbem
1246 3991 1287 4054 ab

144 4099 325 4164 Coronellio
349 4097 570 4161 adumbratam
592 4096 620 4160 si
641 4095 755 4160 vellem
776 4093 857 4159 mihi
872 4091 1144 4158 commodaturum
1166 4112 1235 4155 esse
1255 4094 1288 4156 et

211 4319 235 4384 *)
254 4317 293 4372 Cf.
306 4317 424 4372 Fanellii
435 4316 534 4371 Athen.
549 4314 632 4370 Attio.
650 4333 678 4384 p.
692 4321 755 4380 3133
773 4311 906 4368 Labordii
923 4311 1024 4366 Athen.
1036 4311 1062 4365 11
1079 4328 1107 4381 p.
1122 4316 1171 4367 150
1181 4309 1245 4365 Not.
1259 4316 1283 4363 2.

1332 4508 1396 4584 Δ
