2872 4876
196 250 238 313 51
679 254 768 326 Criput
784 255 857 309 vill.

196 418 338 503 Populus
360 423 391 482 et
415 418 558 482 Minerva
580 424 611 482 et
632 417 785 482 Hercules
808 418 894 481 caelo
923 418 1063 502 expressi
1093 422 1359 509 conspiciuntur,

196 520 366 603 Ephemer.
391 542 421 583 n.
445 520 508 584 298
530 543 560 603 p.
583 520 654 584 268.
699 519 782 583 Nam
805 521 920 600 Δῆμον
942 523 1114 604 πυκνίτην,
1142 522 1207 586 Α1.
1233 523 1299 608 Eq.
1314 527 1360 609 42,

199 622 427 702 interpretatur
442 620 595 704 Pittaces;
619 620 752 685 Sanctus
768 620 948 685 Demetrius
970 621 1085 705 igitur,
1109 626 1262 707 propter
1277 628 1360 692 cuius

198 720 307 785 aestern
331 744 469 785 marmor
490 721 568 785 illud
591 723 755 786 inventmn
778 744 846 786 esse
869 722 946 786 dicit
967 722 1147 806 interpres,
1181 723 1279 790 haud
1301 730 1360 792 scio

198 844 239 885 an
261 822 344 905 apud
360 822 497 905 Pnycem
520 822 662 888 habitare
685 823 836 888 dicendus
859 825 914 906 sit,
938 827 972 887 ut
994 821 1025 888 S.
1043 822 1247 892 Demetrius
1270 829 1361 895 Bom-

199 923 347 988 bardares
369 946 437 988 esse
459 925 568 1008 possit.
614 924 738 1008 Melite,
762 948 855 1008 quam
885 925 970 988 urbis
999 925 1157 1008 antiquae
1190 931 1361 1016 regionem

199 1026 242 1089 ibi
265 1026 363 1089 fuisse
384 1024 560 1111 Pittacas*)
589 1029 621 1089 et
647 1026 931 1091 Forchhamrnerus
958 1025 1119 1112 iudicant,
1152 1051 1258 1096 sacra
1287 1032 1361 1098 Her·

198 1127 261 1191 culi
284 1128 430 1191 instituta
450 1127 570 1192 habuit.
616 1128 663 1192 of.
688 1150 719 1191 n.
745 1129 799 1192 171
828 1129 889 1204 Ἁγ.
913 1128 1111 1194 Ἀπόετολοι

282 1228 393 1293 'furcis
420 1228 657 1293 dominantibus
685 1230 755 1293 loca
783 1229 866 1293 eirca
893 1228 923 1293 S.
953 1228 1160 1296 Demetrium
1201 1237 1225 1316 ἡ
1257 1239 1364 1318 evoca

199 1335 258 1396 τοῦ
280 1333 398 1411 Βοργιά
421 1330 628 1414 vocabantur;
653 1330 691 1394 of.
715 1330 884 1414 Ephemer.
908 1352 940 1395 n.
963 1330 1026 1395 298
1048 1352 1079 1414 p.
1104 1332 1187 1399 268.

636 1753 761 1855 Caput
795 1755 899 1829 VHI.

429 1955 625 2039 Ecclesiae
652 1975 776 2058 propo
802 1955 965 2039 [lissum
993 1955 1108 2040 sitae.

284 2158 377 2222 Hanc
398 2159 562 2243 regionem
583 2180 643 2222 nee
664 2157 900 2243 Lithographus
922 2159 1130 2224 Atheniensis
1166 2187 1233 2232 sua
1266 2172 1305 2236 in
1326 2176 1366 2235 ts·

201 2261 276 2324 bula
297 2259 466 2342 descripsit
486 2280 545 2323 nec
567 2260 601 2324 in
623 2263 733 2323 nostra
755 2259 975 2326 describimus:
999 2261 1095 2325 situm
1119 2266 1248 2334 tamen
1266 2274 1366 2337 cuius-

202 2384 262 2445 que
277 2360 373 2443 aedis,
383 2360 487 2443 quoad
502 2360 568 2424 eius
583 2361 686 2424 facere
701 2363 885 2444 poterimus,
898 2364 991 2426 certis
1006 2362 1133 2427 indiciis
1153 2368 1365 2438 definiemus,

285 2461 359 2526 Una
381 2463 513 2526 ecclesia
540 2461 571 2526 S.
594 2461 735 2545 Nicolai,
763 2463 798 2526 in
827 2465 909 2527 libro
939 2464 1058 2529 Stuarti
1086 2479 1366 2557 commemorata,

202 2566 369 2651 ignoratur
393 2564 428 2627 in
450 2585 512 2647 qua
532 2565 619 2648 ripae
641 2568 731 2648 parte
754 2565 916 2652 fuerit**).

476 2736 538 2814 Ἁγ.
561 2736 710 2814 Ἰωάννη(
733 2736 777 2802 εἰ(
798 2737 865 2801 ταὶ(
887 2737 1063 2802 κολόνναιε.

285 2870 448 2936 Ecclesiae
469 2871 553 2934 intra
575 2871 738 2934 columnas
761 2871 920 2954 Olympici
942 2872 1019 2935 olim
1041 2874 1248 2962 exstructae,
1276 2905 1365 2948 nunc

204 2993 330 3037 eversae
359 2973 390 3033 61
424 2970 565 3034 sublatae
592 2971 776 3034 memoriam
806 2970 951 3036 Carreius
978 2975 1010 3036 61
1037 2971 1179 3055 Spanius
1213 3003 1366 3048 servave-

203 3075 294 3154 nmt,
317 3092 451 3154 quorum
473 3071 526 3134 1116
549 3072 583 3134 in
605 3071 713 3135 tabula
734 3094 803 3135 eam
824 3073 929 3157 pinxit
950 3075 995 3138 ita
1015 3074 1156 3157 positam
1180 3079 1219 3144 in
1244 3086 1366 3150 mediis

205 3172 376 3256 columnis,
405 3194 483 3256 quae
515 3175 590 3236 sunt
617 3173 755 3239 sedecim
781 3197 928 3258 numero,
957 3178 993 3239 ut
1019 3197 1060 3239 ne
1088 3197 1189 3242 unam
1227 3186 1365 3267 quidem

203 3277 358 3358 tangeret.
403 3272 451 3339 of.
483 3275 599 3340 Leakei
621 3275 759 3362 Topogr.
782 3276 841 3341 Ed.
865 3276 898 3340 ΙΙ
925 3300 956 3361 p.
981 3277 1022 3341 94
1043 3305 1086 3333 =
1107 3300 1138 3360 p.
1162 3279 1210 3346 64
1234 3283 1364 3354 Baiter.

203 3372 384 3458 Versionis,
407 3377 460 3439 ubi
483 3377 631 3441 ccclesiae
653 3399 771 3443 nomen
792 3379 901 3443 nescio
929 3400 972 3441 an
993 3401 1031 3442 ex
1059 3377 1098 3442 iis
1121 3378 1365 3473 depromptum

204 3479 259 3561 sit,
282 3499 361 3561 quae
385 3476 529 3543 Oarrcius
557 3479 592 3542 in
613 3481 757 3565 margine
785 3481 911 3544 tabulae
940 3502 1014 3544 suae
1042 3479 1185 3566 scripsit3
1221 3496 1365 3556 vocatur

203 3580 337 3645 ecclesia
364 3577 395 3644 S.
419 3579 549 3644 Ioannis
578 3581 618 3644 ad
645 3583 824 3665 columnas,
859 3584 943 3647 croit
972 3582 1151 3647 rotdvvouc.
1183 3622 1231 3636 —-
1267 3590 1365 3658 Idem

202 3705 320 3748 nomem
334 3681 443 3746 latinis
458 3681 558 3746 literis
574 3686 735 3748 exaratum
751 3683 834 3767 apud
850 3681 1005 3766 Sponium
1021 3684 1080 3746 est:
1096 3682 1202 3767 Agios
1220 3688 1364 3760 Ioamn's

288 3955 313 4022 *J
333 3953 407 4018 Quos
425 3951 483 4008 eius
504 3952 625 4021 regionis
647 3955 715 4008 fines
736 3953 819 4007 fuisse
841 3953 984 4023 putaverit
1005 3953 1127 4007 Pittacas
1146 3954 1311 4026 diligenter
1335 3967 1365 4020 et

205 4038 314 4107 copiosa
332 4037 491 4104 exsequitur
508 4037 537 4090 in
554 4037 669 4106 Ephem.
689 4056 714 4092 11,
735 4043 801 4092 2819
817 4056 844 4106 p.
867 4045 944 4105 14003
962 4057 989 4092 n.
1008 4044 1074 4093 3043
1091 4056 1118 4107 p.
1140 4044 1216 4096 1471.

272 4123 313 4189 ¹⁶)
331 4123 363 4176 In
380 4121 487 4176 Stuarti
498 4120 591 4190 Antiq.
610 4122 664 4175 vol.
678 4122 718 4175 III
734 4141 761 4192 p.
775 4121 801 4175 V
818 4122 938 4177 editores
956 4123 1056 4177 aedem
1073 4137 1183 4178 sacram
1202 4125 1230 4183 S.
1246 4131 1384 4192 Nicolai‘

206 4206 242 4261 ad
264 4206 370 4260 ssissum
387 4207 468 4261 sitam
487 4206 717 4272 commemoront;
740 4223 824 4274 quam
841 4224 923 4262 nemo
947 4208 1017 4262 alius
1039 4217 1292 4285 commemoravit,
1316 4238 1364 4275 ne.

206 4290 272 4344 dum
289 4291 318 4346 in
335 4290 433 4346 tabula
451 4291 596 4358 quisquam
615 4290 798 4361 descripserit.
