2872 4876
211 317 252 379 70
715 319 805 391 caput
819 320 851 373 X.

295 487 342 550 ΑΓ
362 485 582 550 ΑΝΑΡΓΥΡΙΩ
604 484 826 548 Schuubertus.
871 485 946 549 Non
968 485 1077 549 dubito
1100 485 1179 568 quin
1194 485 1361 568 scripserit

210 589 257 653 ΑΓ
277 587 508 652 ΑΝΑΡΓΥΡΟΙ.

296 687 415 751 Omisit
436 686 580 773 Lithogr.
603 687 814 753 Monacensis.

296 790 339 854 49
360 789 506 876 Lithogr.
530 790 747 856 Atheniensis.
859 862 863 869 ,

725 977 766 1043 Ν.
790 977 840 1042 72.

557 1099 705 1175 Παναγία
728 1099 1011 1177 Μιεοεπορήτιαα.

298 1233 367 1299 Sita
388 1234 450 1297 fuit
471 1234 506 1297 111
527 1234 621 1297 trivio
650 1234 717 1296 eius
744 1234 885 1318 regionis
913 1256 1008 1316 quam
1030 1232 1159 1297 Plaeam
1187 1235 1361 1317 appellant.

213 1335 275 1400 Via
296 1335 469 1419 Hyperidis
492 1336 586 1398 aliam
608 1335 653 1398 ibi
675 1335 821 1398 semitam
844 1334 1012 1419 contingit.

297 1437 468 1503 ΠΑΝΑΓΙΑ
507 1437 904 1503 ΜΙΣΟΣΠΟΥΡΙΩΤΙΣΣΑ
942 1435 1165 1501 Schaubertus.
1227 1436 1362 1522 Signum

214 1537 302 1602 aedis
324 1559 449 1602 erasnm
471 1541 547 1601 661·

301 1639 419 1703 Omisit
439 1638 585 1725 Lithogr.
608 1639 819 1704 Monacensis.

300 1741 342 1805 47
366 1740 512 1827 Lithogr.
534 1741 752 1807 Atheniensis.

301 1841 490 1928 Cognomen
518 1844 558 1908 ad
586 1848 712 1929 tempus
741 1845 817 1908 amri
844 1847 975 1928 spectat
1019 1843 1104 1908 Nam
1131 1846 1252 1910 festum
1281 1848 1362 1911 diem

215 1945 375 2031 Panagiae
397 1945 675 2031 Misosporetissae
696 1951 773 2013 111116
795 1947 949 2032 agebant,
978 1948 1235 2030 quummaxime
1256 1949 1362 2034 fruges

217 2052 365 2112 6611111161
387 2053 442 2111 aut
464 2050 528 2112 iam
550 2052 636 2112 satae
659 2053 735 2112 sunt·
756 2051 811 2112 aut
830 2070 906 2111 mox
923 2049 1066 2111 suhrmm
1088 2051 1138 2112 661
1158 2053 1194 2113 ut
1209 2055 1361 2115 6616111111.

216 2148 305 2214 Voce
329 2153 604 2231 Μιεοεπορήτιεεα
625 2150 730 2214 media
752 2151 902 2214 sementis
925 2150 1137 2236 significatum
1159 2155 1362 2234 μιεοεαράκο-

219 2272 294 2319 (τον
311 2252 377 2315 sive
392 2253 674 2332 μεωεαράκοετον.
705 2251 817 2335 Itaque
832 2253 1050 2316 celebrabatur
1064 2252 1093 2316 d.
1109 2252 1149 2316 21
1166 2276 1208 2317 m.
1227 2254 1363 2319 Novem·

220 2353 303 2435 bris,
326 2374 388 2436 quo
410 2356 555 2438 tempore
577 2354 653 2416 armi
676 2358 849 2417 sementem
871 2355 1002 2418 faciunt.

305 2454 494 2521 Schauberti
517 2455 723 2538 scriptionem
747 2456 1146 2522 ΜΙΣΟΣΠΟΥΡΙΩῘΙΣΣΑ
1167 2479 1278 2524 reram
1299 2481 1364 2523 esse

218 2579 343 2642 negans
375 2557 599 2621 Kohlmannus
626 2557 715 2621 iubet
746 2557 951 2642 pronunciari
979 2557 1248 2643 hlisospon'tissa3
1284 2559 1364 2644 quod

218 2681 332 2746 graece
356 2662 629 2740 Μῑεοεπορήτιαα
651 2660 853 2724 scribendum
875 2660 958 2723 duxi.

302 2763 356 2826 Ab
378 2762 455 2827 aede
476 2768 535 2829 τοῦ
559 2763 705 2842 (ωτῆροε
730 2764 852 2842 Κοτάκη
875 2763 917 2826 70
938 2762 977 2825 ad
1000 2784 1147 2827 occasum
1168 2785 1281 2828 versus
1304 2765 1364 2829 Pit

219 2868 307 2930 taces
329 2865 364 2928 in
386 2865 497 2948 Antiq.
513 2864 632 2928 Athen.
656 2887 686 2948 p.
703 2865 766 2929 475
789 2863 867 2929 dicit
889 2863 983 2951 sitam
1005 2885 1074 2928 esse
1096 2866 1266 2930 ecclesiam
1290 2888 1365 2951 quae

220 2967 367 3030 Alexana
393 2967 585 3029 nominetur.
642 2965 763 3028 Dubito
797 2988 839 3029 an
867 2965 953 3029 aliud
980 2986 1100 3030 nomen
1132 2967 1175 3031 sit
1205 2968 1366 3054 Punagiae

221 3066 516 3150 Misosporetissae‚
545 3066 632 3131 ouius
661 3067 741 3130 situs
768 3067 835 3131 fere
862 3068 889 3130 is
917 3070 980 3150 est,
1014 3089 1107 3151 quem
1134 3066 1276 3133 Pittaces
1304 3072 1325 3134 l.
1347 3069 1366 3132 l.

224 3167 344 3231 definit.
375 3167 466 3243 Quod
482 3190 662 3254 cognomen
683 3169 814 3232 -sive
836 3169 869 3232 id
891 3190 1009 3232 nomeu
1031 3169 1092 3233 fnit
1112 3208 1155 3217 —
1177 3192 1366 3236 commemo·

222 3269 306 3333 ravit
320 3292 414 3334 nemo
431 3271 494 3334 11161
508 3271 663 3354 Pittaees,
686 3273 740 3355 qui
756 3272 842 3336 Iovis
857 3270 1031 3334 Alexeterii
1045 3273 1200 3355 templum
1223 3274 1270 3338 ibi
1293 3275 1368 3338 olim

221 3371 320 3436 fuisse
343 3374 537 3456 suspicatus,
560 3395 649 3437 suam
672 3374 886 3439 coniecturam
908 3373 1033 3436 firmare
1056 3378 1186 3456 cuperet
1206 3376 1368 3441 Alexanee

221 3474 361 3538 nomine.
405 3473 491 3539 Nolo
513 3479 622 3540 tamen
644 3477 770 3540 credere
793 3475 933 3539 effictum
955 3478 988 3538 61
1010 3476 1226 3561 excogitatum
1249 3499 1328 3543 esse.

735 3695 776 3760 N.
800 3696 850 3760 73.

598 3816 746 3892 Παναγία
768 3816 986 3895 Δουβέργενα.
1046 3826 1049 3831 ’

307 3952 396 4017 Inter
418 3951 528 4016 aedem
549 3951 678 4016 Nicolai
692 3949 848 4035 Rangabe‘r
870 3953 902 4013 61
915 3949 1075 4036 Panagiae
1093 3951 1370 4036 Misosporetissae

225 4055 286 4118 sita
314 4055 390 4137 fnit,
417 4057 549 4138 propter
575 4054 659 4116 viam
693 4074 773 4136 quae
800 4053 877 4118 ὁδὸς
907 4057 966 4117 τοῦ
995 4052 1148 4132 (χολείου
1175 4057 1369 4120 nominatur.

225 4155 328 4219 Locus
350 4178 417 4220 non
438 4156 550 4239 procul
572 4155 663 4218 abest
684 4154 724 4216 ab
745 4152 901 4217 Hadriani
922 4154 982 4217 via.

310 4259 480 4324 ΠΑΝΑΓΙΑ
502 4256 752 4322 ΔΟΥΒΕΡΓΙΝΑ
774 4254 958 4320 Schaubert.
1003 4255 1138 4341 Signum
1165 4257 1369 4324 desideratur.

310 4359 353 4424 20
374 4360 522 4438 Παναγία
544 4359 754 4439 Δουβέργενα
776 4357 919 4445 Lithogr.
943 4357 1156 4424 Monacensis.
