2880 4868
158 200 163 208 Ι
207 240 248 305 28
712 249 769 320 Cup
789 248 849 304 tv.
947 326 950 331 Ι

207 412 341 474 ccclesia
368 411 528 495 Panagiac
550 411 770 497 Dubergcnae.
815 411 938 475 Ibidem
967 433 1027 475 nos
1056 411 1152 476 1125
1179 413 1361 495 posuimus,

207 512 290 587 Quid
312 511 452 576 indicare
475 513 698 598 lithographus
720 514 873 597 veluerit,
895 536 962 576 nen
984 514 1099 596 liquet,
1122 513 1185 576 nisi
1206 514 1362 597 antiquae

206 613 274 675 viae
305 612 467 696 tripcdrm1
496 614 623 679 initium
644 615 750 680 uideri
778 618 885 699 potest
913 615 1119 699 signfficasse.
1170 613 1219 680 ef.
1248 638 1282 679 n.
1304 617 1361 700 55,

205 712 348 796 Antiqua
370 714 525 798 quaedam
548 716 607 781 via.

718 817 760 882 N.
783 817 834 882 26.

606 927 786 984 dediticium
804 927 953 995 ignotum.

290 1043 378 1107 Infra
400 1044 431 1109 S.
449 1046 579 1131 Georgii
594 1047 636 1110 20
660 1047 826 1110 ecclesiam
848 1047 976 1131 signum
992 1045 1180 1130 quadratum
1195 1045 1284 1110 vides
1301 1049 1357 1111 ad·

206 1145 325 1228 scripte
348 1147 382 1209 in
403 1151 514 1210 uestra
535 1149 644 1211 taluda
658 1170 791 1211 numere
806 1149 857 1212 26.
888 1147 1126 1232 Lithugraphus
1143 1147 1356 1212 Atheniensis

206 1246 333 1330 signum
356 1270 448 1312 suum
469 1249 657 1314 111111161017
682 1249 860 1332 denotavit,
883 1271 977 1333 quem
1000 1250 1100 1313 secuti
1115 1249 1296 1314 aedificium
1311 1288 1358 1298 —-

204 1348 297 1412 nobis
319 1349 467 1433 ignotum
488 1389 531 1397 —
552 1350 785 1415 indicavimus(

716 1501 757 1565 N.
781 1502 832 1566 27.

601 1610 781 1666 Aedificium
798 1611 948 1679 ignotum.

287 1729 524 1813 Lithegraphus
547 1729 753 1793 Atheniensis
782 1731 840 1794 sub
868 1731 949 1793 arcis
978 1731 1096 1814 angulo
1124 1730 1208 1793 inter
1239 1736 1353 1796 ertum

204 1831 280 1895 solis
303 1834 336 1894 et
356 1831 520 1894 meridiem
543 1835 706 1914 spectante
733 1833 795 1896 hoc
823 1833 950 1916 signum
978 1831 1076 1894 habet
1098 1832 1165 1894 sine
1198 1855 1351 1898 numero:

201 1916 261 2015 Q.
306 1932 465 1997 Numerus
493 1934 520 1996 si
547 1933 629 1997 forte
659 1934 777 1998 excidit
802 1933 899 1997 fuerit
920 1934 971 1997 24.
1016 1933 1190 1996 Reddimus
1220 1934 1351 2018 signum

202 2035 237 2096 in
258 2036 386 2096 nostrae
414 2034 539 2098 tabulae
566 2036 678 2117 1127,
707 2035 851 2118 quamvis
880 2032 955 2116 quid
982 2034 1028 2098 rei
1057 2034 1185 2098 subesse
1213 2036 1352 2100 veluerit

203 2133 426 2218 lithographus
449 2136 605 2218 explicare
628 2157 695 2199 nen
715 2136 885 2218 pessimus.

676 2563 796 2658 Oaput
822 2563 865 2637 V.

613 2748 732 2850 Regia
761 2745 934 2830 Theatri.

284 2949 462 3033 Regionem
489 2949 606 3012 theatri
634 2972 703 3012 eam
731 2950 864 3013 dicimus
899 2971 978 3032 quae
1006 2949 1121 3012 odeum
1148 2950 1286 3015 Heredis
1316 2957 1349 3018 ct

200 3050 361 3113 theatrum
383 3049 501 3113 Bacchi
524 3051 689 3133 complexa
710 3051 749 3113 ab
773 3073 843 3114 arce
867 3051 905 3113 ad
927 3049 1093 3113 meridiem
1114 3052 1227 3136 vergit.
1291 3049 1298 3062 ⁸

285 3152 387 3214 Arcus
422 3151 476 3235 qui
508 3152 592 3214 inter
619 3153 733 3215 odeum
768 3154 800 3215 et
833 3151 993 3215 theatrum
1025 3154 1100 3215 sunt
1132 3175 1199 3216 non
1234 3155 1347 3219 eodem

201 3276 325 3336 semper
346 3253 476 3317 nomine
504 3245 705 3337 appellantur
732 3254 766 3316 in
786 3253 1051 3336 Ephemeridibus
1073 3253 1346 3341 ArchaeclcgiciS,

201 3355 285 3439 quod
306 3359 437 3438 propter
458 3355 569 3418 titulos
597 3355 642 3418 ibi
665 3358 806 3438 repertos
836 3376 962 3418 monce.
1007 3355 1046 3418 In
1067 3377 1099 3418 n.
1124 3356 1206 3420 1700
1228 3380 1258 3439 p.
1283 3358 1346 3423 987

201 3461 233 3521 et
254 3479 285 3520 11.
302 3457 386 3521 3518
407 3479 438 3540 p.
457 3457 539 3535 1835
562 3456 664 3519 editor
678 3457 836 3539 perticum
851 3455 1020 3538 Eumenia,
1042 3458 1155 3538 postca
1171 3458 1346 3536 (ερπετζέν

199 3559 345 3623 nominet
366 3559 401 3621 in
421 3581 452 3622 u.
470 3558 552 3622 3548
574 3580 606 3640 p.
624 3557 721 3621 1849:
744 3559 781 3622 τὸ
804 3556 914 3622 νότιον
937 3561 992 3635 τῆ(
1013 3557 1235 3636 Ἀκροπόλεως
1257 3563 1345 3640 περί-

200 3684 345 3746 φραγμα,
384 3661 583 3739 καλούμενον
615 3662 675 3725 νῦν
707 3667 752 3744 τῷ
785 3660 949 3744 Τουρκικῷ
991 3659 1123 3739 ὀνόματι
1158 3660 1344 3744 (ερπετζέες

199 3785 230 3827 u.
254 3764 338 3828 3700
359 3786 390 3845 p.
415 3761 511 3844 19043
534 3783 566 3823 n.
589 3760 672 3824 3867
695 3784 726 3843 p.
751 3760 848 3844 19893
872 3781 903 3822 n.
926 3759 1010 3824 4047
1033 3783 1063 3842 p.
1086 3758 1189 3844 20303
1212 3762 1345 3826 114072

199 3887 230 3945 p.
253 3865 352 3948 20433
375 3885 407 3925 11.
429 3861 516 3926 4074
536 3885 567 3944 p.
591 3861 684 3926 2044.
729 3862 814 3926 Nam
837 3882 930 3943 opere
953 3861 1008 3924 illc
1031 3863 1174 3943 arcuato,
1203 3883 1265 3944 quc
1288 3885 1344 3926 rex

200 3965 359 4028 Eumenes
388 3963 513 4027 duxisse
540 3962 700 4046 porticum
734 3961 903 4045 aliquando
938 3961 1193 4045 crediderunt*)‚
1223 3962 1343 4028 turcae

200 4065 245 4128 ita
267 4066 316 4128 usi
338 4068 414 4129 sunt
435 4067 470 4127 ut
491 4065 526 4128 in
547 4068 671 4148 partem
693 4064 854 4127 moenium
877 4065 1107 4127 converterent.

268 4284 293 4353 t)
313 4282 418 4346 stuartj
440 4284 534 4354 Antiq.
559 4286 599 4339 III
620 4286 687 4354 post
715 4301 742 4357 p.
767 4281 817 4349 v1;
845 4280 949 4338 Leakei
977 4282 1006 4335 ct
1031 4279 1197 4336 Rien'ackeri
1218 4283 1341 4353 Tepogr.
