2872 4876
603 291 691 360 Regio
707 291 830 345 theatri.

656 453 697 518 N.
720 454 772 517 29.

618 572 680 650 Ἁγ.
704 575 812 638 Ἄννα.

229 708 331 792 Supra
352 708 512 771 theatrum
535 729 608 790 pars
630 710 739 770 manet
760 706 960 771 fundamenti
981 707 1015 769 in
1038 728 1101 788 quo
1124 704 1154 770 S.
1176 706 1290 770 Annae

142 811 313 894 aliquando
336 810 429 873 aedes
453 812 528 872 erat.
573 808 715 892 Exiguae
738 808 888 890 reliquias
911 809 994 871 infra
1016 807 1191 890 Panagiam
1215 807 1289 890 Spe·
1385 797 1389 805 ¹

142 913 300 976 lictissam
322 912 363 975 28
386 910 426 974 ad
449 911 603 974 orientem
619 918 735 972 'versus
759 909 835 971 sitas
857 931 924 972 non
946 909 1135 992 reperissem
1150 909 1213 971 nisi
1238 932 1290 972 ve·
1312 912 1322 918 ”

141 1015 210 1076 tula
232 1013 386 1096 quaedam
408 1013 513 1076 vicina
534 1014 753 1075 monstrasset.

227 1119 275 1181 ΑΓ
296 1116 404 1179 ΑΝΝΑ
427 1113 611 1177 Schaubert.

230 1217 270 1280 15
293 1217 341 1293 ἁγ.
364 1218 464 1282 Ἄννα
486 1214 630 1298 Lithogr.
655 1213 866 1279 Monacensis

228 1318 270 1381 26
293 1316 436 1400 Lithogr.
463 1316 679 1380 Atheniensis,

229 1418 388 1502 Panagiae
412 1439 483 1480 cum
506 1421 606 1480 matre
630 1417 725 1480 Anna
747 1417 930 1480 coniunctio
958 1418 1041 1481 redit
1068 1418 1102 1480 in
1131 1418 1292 1481 contraria

144 1524 235 1603 parte
256 1520 398 1582 radicum
420 1521 501 1583 areis
523 1519 579 1582 ubi
593 1518 801 1602 Hypapantes
817 1522 849 1581 et
863 1519 1116 1604 Evangelistriae
1132 1523 1164 1583 et
1177 1520 1291 1584 Annae

146 1621 297 1683 ecclesiae
320 1620 516 1703 propinquae
539 1622 621 1683 sunt.
669 1619 717 1683 Cf.
741 1621 808 1703 p.5
832 1623 864 1683 et
884 1622 935 1684 21.

606 1786 620 1797 κ

657 1807 698 1871 N.
722 1808 773 1871 30.

455 1928 522 2003 Ἅγ.
546 1927 566 1990 Γ
567 1927 702 2006 εώργιοε
725 1927 972 2006 Ἀλεξανδρινόε.

230 2062 304 2126 Fuit
326 2062 410 2125 infra
432 2061 541 2124 aedem
564 2061 595 2125 S.
619 2062 733 2125 Annae
756 2061 806 2126 29.

229 2168 276 2230 ΑΓ
300 2165 484 2230 ΓΕΩΡΓΙΟΣ
506 2165 818 2229 ΑΛΕΞΑΝΔΡΙΝΟΣ
841 2162 1037 2247 0111111111.Ι

232 2267 271 2329 14
299 2268 346 2344 ἁγ.
377 2269 532 2346 Γεώργιοε
554 2267 794 2346 Ἀλεξάνδρινοε
821 2265 965 2350 Lithogr.
995 2265 1212 2349 Monacensis²
1242 2288 1291 2331 ac-

145 2371 240 2432 centu
262 2369 443 2450 depravate.

142 2472 146 2478 ’
229 2468 437 2553 3011111191.
460 2468 677 2533 Atheniensis,

231 2570 375 2632 Ecclesia
398 2570 528 2653 Georgii
543 2570 752 2633 Alexandrini
774 2592 871 2652 quum
893 2572 977 2635 bello
1001 2594 1072 2634 cum
1088 2571 1198 2636 Turcis
1218 2571 1292 2636 inde

148 2671 187 2732 ab
210 2691 293 2732 anno
319 2670 513 2752 rongese>
536 2670 676 2752 displosa
704 2674 736 2733 et
762 2671 894 2733 disiecta
922 2694 990 2734 esse
1014 2672 1150 2754 dicatur,
1178 2674 1292 2735 mirere

148 2772 231 2854 quod
259 2771 398 2833 Pittacas
426 2770 460 2832 in
488 2768 625 2833 Athenis
654 2771 805 2853 Antiquis
833 2793 917 2833 anno
947 2773 1028 2836 1835
1062 2773 1188 2854 scriptis
1217 2777 1292 2837 tunc

147 2875 229 2953 ibit)
252 2874 351 2936 fuisse
374 2871 549 2934 aediculam
572 2870 603 2935 S.
623 2870 757 2956 'Georgii
780 2873 839 2955 ait,
862 2873 882 2936 l.
906 2873 926 2937 l.
950 2896 980 2955 p.
996 2875 1068 2937 210.
1112 2874 1292 2939 Putandum

147 2977 207 3038 erit
229 2974 295 3037 eius
320 2973 471 3037 ecclesiae
495 2973 637 3055 quamvis
654 2973 774 3036 deletae
795 2977 886 3056 tunc,
910 2997 994 3037 anno
1020 2976 1115 3058 1835,
1138 2977 1292 3041 mansisse

146 3077 333 3159 parietinae,
358 3097 437 3158 quae
459 3096 545 3138 nunc
567 3074 695 3157 quidem
716 3075 811 3157 plane
834 3076 976 3140 sublatae
999 3081 1082 3142 sunt.

230 3178 270 3241 In
292 3175 485 3240 ecclesiaD.
510 3175 641 3260 Georgii
663 3176 873 3240 Alexandrini
895 3200 994 3261 prope
1016 3180 1223 3245 Academiam
1245 3183 1291 3245 in-

147 3283 356 3342 ventus'esse
384 3277 519 3340 traditur
546 3277 658 3340 titulus
686 3278 720 3341 O.
751 3279 776 3342 Ι.
804 3301 836 3342 n.
865 3281 927 3343 810
954 3303 984 3362 p.
1013 3281 1092 3364 519,
1121 3283 1223 3346 editus
1251 3285 1291 3346 ab

148 3380 324 3442 Dodwello
368 3380 407 3441 In
428 3380 601 3443 Academia
629 3379 668 3442 ad
694 3381 858 3444 meridiem
885 3404 992 3452 versus
1021 3383 1060 3445 ab
1089 3406 1159 3447 arce
1187 3386 1292 3467 posita

148 3505 189 3545 ne
217 3481 287 3563 quis
315 3480 468 3563 offendat,
496 3481 681 3544 Theodorus
711 3481 900 3566 Zygomalas
929 3506 1054 3568 quoque
1082 3485 1165 3548 inter
1193 3486 1290 3548 Areo·
1391 3545 1396 3561 .

148 3605 267 3668 pagum
290 3585 322 3644 et
342 3581 481 3662 Lyceum
503 3583 703 3668 collocat**).

148 3740 352 3749 ..ὼ-.-ῤ-α

228 3823 252 3890 *)
277 3822 365 3885 Quem
386 3819 478 3872 locum
500 3820 575 3874 dicat
601 3820 723 3876 dubitari
747 3839 802 3876 non
828 3824 936 3892 potest,
964 3825 1096 3892 quoniam
1118 3823 1153 3876 de
1176 3823 1288 3891 Limnis‚

148 3910 280 3975 antiquae
299 3905 376 3959 urbis
394 3903 521 3972 regione,
543 3905 623 3959 etde
645 3906 798 3961 vetustiore
820 3906 868 3961 illo
890 3908 993 3963 Bacchi
1015 3909 1119 3977 templo
1140 3909 1184 3975 (cf.
1204 3909 1290 3963 Heor-

147 3994 271 4062 tologiac
295 4007 374 4045 meae
396 4008 424 4058 p.
448 3995 498 4044 353
520 3992 589 4056 not.)
613 3991 749 4060 disputat,
772 3993 847 4060 quod
874 3994 957 4047 fuisse
985 3993 1014 4045 in
1039 3992 1101 4061 ipsa
1124 3991 1151 4046 S.
1176 3993 1290 4063 Georgii

149 4097 215 4133 arca
233 4078 370 4146 opinatur.
408 4075 499 4138 Quare
522 4075 665 4130 nonlicet
687 4076 839 4145 Georgium
862 4079 938 4147 (Ant.
962 4077 1062 4130 Athen.
1081 4095 1108 4146 p.
1129 4082 1203 4146 210),
1227 4096 1290 4134 eum

149 4161 328 4232 interpretari
347 4161 394 4228 qui
411 4160 440 4211 in
457 4159 569 4213 nostrae
587 4159 700 4214 tabulae
718 4180 744 4214 n.
758 4168 791 4216 20
809 4163 858 4216 est.

217 4248 256 4315 **)
276 4247 315 4317 Cf.
334 4246 467 4300 Labcrdii
484 4245 616 4298 Athenar.
636 4246 648 4298 I
670 4264 697 4315 p.
718 4252 750 4300 65
773 4246 867 4314 ibique
889 4247 1057 4315 Zygomalae
1080 4251 1238 4320 epistolam:
1262 4253 1289 4306 αἱ

151 4332 204 4398 γὰρ
222 4333 349 4398 Ἀθῆναι,
368 4331 400 4386 ἃ(
419 4331 553 4387 πολλάκις
571 4333 632 4386 ἴδον
651 4363 683 4371 -
702 4361 733 4370 -
752 4335 839 4387 αὐτό(
861 4349 892 4386 τε
916 4335 1045 4408 orditer,
1067 4336 1187 4404 ἀκριβῶ(
1211 4342 1289 4405 φιλο-
