2880 4868
200 289 242 353 60
700 294 790 364 Crtput
805 295 849 348 lx.

286 457 384 520 Tituli
407 479 473 519 non
496 458 587 539 pauci
609 458 643 521 in
664 456 725 520 hac
746 460 836 540 parte
858 458 945 521 urbis
968 456 1086 540 reperti
1114 460 1197 520 sunt.
1243 456 1352 540 Quem

200 560 252 640 „in
278 558 401 622 Gallico
424 557 560 622 Athenis
582 560 797 624 monasterio“
818 559 966 623 viderunt
988 557 1023 624 O.
1046 557 1071 623 I.
1094 582 1126 622 n.
1151 559 1210 622 141
1234 581 1266 642 p.
1284 559 1350 625 196

201 660 327 724 aliunde
351 663 475 724 constat
497 661 703 744 importatum
726 683 808 742 esse,
831 661 934 744 primo
957 663 1062 725 autem
1085 661 1119 723 in
1141 681 1212 723 arce
1234 660 1348 725 fuisse.

201 800 244 808 —
269 761 321 824 Ad
354 760 521 825 choromm
555 762 702 827 victorias
736 763 790 845 qui
821 763 997 845 pertinent,
1030 760 1164 844 Ephem.
1199 783 1230 825 n.
1260 760 1350 826 2660

200 886 231 946 p.
258 863 337 927 1321
367 866 399 926 et
426 887 458 927 n.
481 864 563 929 3037
592 887 623 947 p.
655 864 737 928 1470
763 864 874 927 eodem
902 886 964 947 quo
990 863 1088 947 positi
1115 863 1245 926 fuerunt
1272 863 1348 928 loco

200 964 354 1026 mansisse
388 965 487 1029 videri
518 969 654 1048 possmrt
681 968 717 1028 ut
743 968 984 1029 monumentum
1011 963 1183 1046 Lysicratis
1211 962 1349 1050 choragi

202 1066 331 1130 victoris
354 1067 470 1130 mansit
492 1067 546 1130 ubi
569 1070 764 1131 exstructum
787 1069 843 1130 est.

285 1166 334 1231 De
361 1167 431 1231 aliis
459 1169 720 1251 inscriptionibus
748 1190 814 1232 non
841 1168 943 1232 facilis
966 1171 1015 1231 est
1042 1166 1208 1250 iudicatio,
1239 1167 1348 1232 sintne

201 1268 327 1333 aliunde
356 1269 463 1333 illatae
492 1270 681 1353 longiusque
714 1270 832 1352 petitae
860 1292 900 1332 an
927 1269 1102 1332 manserint
1132 1269 1198 1332 sive
1225 1269 1348 1334 ibidem

201 1370 333 1434 effossae
357 1372 423 1434 sive
446 1394 484 1433 ex
505 1372 685 1454 propinquo
708 1375 861 1454 sumptae.
898 1370 1059 1434 Minervae
1082 1370 1348 1435 caerimoniarum
1422 1388 1426 1400 ·

202 1472 322 1534 montio
346 1475 395 1535 est
416 1472 451 1534 in
474 1471 508 1536 O.
532 1472 557 1535 I.
580 1496 612 1536 n.
634 1474 696 1536 491
719 1494 749 1554 p.
772 1473 850 1536 473:
878 1474 989 1551 ἕτερον
1012 1473 1115 1555 ἕδο[ε]
1137 1476 1193 1551 τῆ(
1214 1473 1347 1538 Παλλά-

201 1577 258 1636 boc
280 1574 615 1658 καταεκευάεαεθαι*),
639 1578 671 1638 61
694 1574 728 1636 in
749 1573 918 1656 Ephemer.
941 1573 1071 1637 62251
1094 1595 1125 1655 p.
1144 1573 1241 1656 1168,
1265 1595 1347 1657 quae

203 1672 288 1734 basis
311 1673 394 1755 apud
416 1673 591 1758 Pauagiam
612 1674 654 1739 54
675 1678 800 1758 reperta
822 1678 878 1739 est.
923 1674 1022 1738 Vesta
1044 1677 1076 1738 et
1096 1674 1215 1757 Apollo
1246 1678 1280 1739 et
1301 1675 1347 1739 dii

202 1774 342 1858 Augusti
358 1779 645 1839 commemorantur
660 1778 693 1840 in
708 1777 802 1840 titulo
817 1776 874 1840 illo
890 1799 983 1859 quem
998 1776 1033 1838 in
1045 1779 1121 1839 nota
1132 1774 1185 1813 *²¹⁰¹*
1200 1798 1231 1859 p.
1243 1760 1286 1839 59'
1297 1798 1345 1860 sq.

201 1876 311 1959 citavi,
342 1876 492 1960 Corporis
520 1877 619 1943 lusor.
650 1879 703 1943 Gr.
734 1902 765 1943 n.
788 1879 859 1942 480.
909 1877 949 1940 In
977 1877 1011 1942 O.
1034 1877 1059 1941 Ι.
1083 1900 1114 1941 6.
1137 1876 1201 1941 510
1226 1900 1258 1960 p.
1281 1879 1347 1942 476

201 1977 319 2061 legitur
347 1979 521 2063 Ἀεκληπίῳ
550 1984 602 2046 καὶ
624 1982 769 2064 Ὑ[γείᾳ].
796 2017 839 2029 —-
867 1979 953 2055 Quae
980 1981 1186 2042 mommrenta
1214 1978 1347 2062 antiqua

200 2079 234 2141 in
256 2100 364 2142 muros
388 2078 623 2162 Oapncinorum
645 2083 764 2145 inserta
792 2081 819 2143 si
847 2081 917 2164 quis
941 2081 1025 2143 dicat
1047 2080 1185 2163 undique
1214 2081 1345 2164 conqui-

200 2180 262 2243 sita
284 2183 317 2242 et
339 2183 536 2262 comportata
559 2203 626 2246 esse
650 2183 774 2246 saeculo
790 2181 898 2263 XVII,
922 2203 1032 2246 vereor
1053 2185 1090 2245 ut
1104 2182 1234 2245 retbtari
1251 2186 1346 2266 queat

200 2302 302 2363 neque
324 2282 459 2343 multiun
480 2282 819 2371 redundatmumvesse
842 2284 1003 2366 existimo,
1032 2304 1094 2365 quo
1116 2285 1205 2346 utare
1228 2283 1269 2347 ad
1291 2307 1345 2348 an-

201 2381 361 2464 tiquorum
384 2381 527 2446 locorum
550 2384 629 2447 situs
652 2383 856 2449 definiendos.

710 2570 751 2635 N.
773 2571 825 2635 53.

525 2692 591 2767 Ἅγ.
614 2691 797 2770 Δημήτριος
819 2693 1009 2770 nonnoso.

284 2824 404 2907 Aedes,
428 2826 516 2888 cuius
538 2826 639 2889 maior
654 2848 733 2908 ‘pars
748 2824 911 2888 Demetrio
933 2825 1039 2888 minor
1061 2825 1174 2888 Annae
1197 2825 1344 2891 dedicata

202 2929 265 3007 est,
288 2946 355 2987 non
376 2927 511 2989 multum
534 2926 631 2989 distat
652 2950 671 2990 a
692 2929 899 2990 monumento
922 2925 1103 3008 Lysicratis.

286 3025 473 3110 Cognomen
487 3029 685 3111 Παρακλήει,
708 3026 869 3093 decurtata
888 3028 1006 3110 forma,
1029 3027 1257 3091 deminutivum
1275 3050 1344 3093 esse

200 3129 287 3209 puto.
332 3128 557 3207 Παρακλήειον
580 3128 753 3213 aediculam
775 3128 1022 3212 interpretantur
1032 3128 1091 3213 **).

201 3329 286 3379 quam
308 3313 388 3367 tanta
406 3315 449 3367 est
468 3314 593 3367 locorum
609 3312 819 3382 propinquitas,
839 3316 943 3370 utnon
960 3314 1073 3376 mirere,
1093 3313 1116 3368 si
1134 3314 1181 3382 qui
1199 3312 1298 3369 titulus
1316 3317 1347 3370 et

201 3395 237 3448 ad
256 3398 424 3451 conventum
436 3396 640 3467 Capucinorum
658 3399 687 3452 et
703 3401 819 3468 propter
838 3398 936 3453 aedem
947 3397 1088 3466 Panagiae
1101 3403 1133 3452 54
1145 3399 1272 3466 repertus
1285 3415 1346 3454 esse

199 3482 328 3536 traditur.
366 3482 406 3535 Of.
427 3482 454 3536 C.
473 3482 494 3535 I.
513 3501 539 3535 n.
558 3488 610 3537 480
626 3500 653 3550 p.
673 3484 857 3537 469=Pitt
877 3483 907 3536 A.
928 3482 959 3535 A.
979 3501 1007 3551 p.
1027 3489 1083 3536 172.
1150 3498 1154 3506 ’

286 3567 311 3635 *)
325 3564 370 3619 Cf.
384 3567 480 3619 notam
492 3567 522 3600 *²³
539 3584 566 3635 p.
581 3571 622 3634 55,
640 3565 689 3620 ubi
707 3567 741 3620 de
758 3569 819 3621 loco
837 3582 893 3620 non
906 3567 1050 3620 convenire
1065 3567 1225 3622 auctoribus
1242 3568 1346 3622 uostris

201 3650 333 3714 diximus,
357 3650 475 3704 eundem
497 3650 619 3719 lapidem
640 3653 691 3705 sub
715 3649 853 3720 Olympiei
875 3649 1008 3704 columnis
1035 3652 1063 3705 61
1089 3651 1118 3704 in
1141 3650 1346 3722 Capucinorum

201 3735 338 3790 conventu
356 3732 438 3788 fuisse
456 3734 646 3803 tradentibus,
666 3737 717 3789 sub
736 3734 868 3789 columnis
886 3751 928 3788 au.
951 3740 1029 3804 1678,
1048 3735 1078 3788 in
1096 3736 1232 3790 conventu
1249 3737 1346 3792 aetate

201 3817 371 3873 Fourmonti.
416 3818 582 3874 Dicamusne
609 3819 735 3874 aedicula
762 3819 812 3871 sub
846 3818 978 3872 columnis
1006 3819 1098 3874 deleta
1124 3820 1259 3873 insertum
1285 3838 1345 3875 esse

202 3903 325 3972 lapidem
348 3920 365 3956 a
388 3902 533 3972 Capacinis
556 3903 678 3971 aliquam
700 3903 863 3957 monasterii
883 3905 993 3972 partem
1015 3904 1216 3958 reficientibus?
1239 3905 1346 3960 exstru-

204 3990 278 4042 ctum
305 3988 378 4041 enim
404 3990 465 4042 erat
490 3987 547 4042 iam
571 4005 613 4042 an.
635 3994 709 4042 1669.
746 3985 801 4041 Sed
827 3987 923 4043 dubito
950 3987 1104 4056 transigere
1130 3989 1159 4041 61
1185 3987 1345 4057 conciliare,

200 4072 365 4141 praesertim
384 4073 449 4140 quia
466 4074 590 4127 erratum
608 4073 650 4126 est
666 4073 696 4125 iu
712 4071 835 4137 nomine;
854 4072 887 4126 cf.
907 4074 1003 4127 notam
1019 4073 1037 4124 l.
1057 4073 1074 4125 l.

268 4157 309 4224 **)
327 4157 422 4211 Malim
441 4159 672 4224 παροικοδόμημα
689 4154 880 4224 interpretari,
899 4155 1084 4210 accessionem
1103 4156 1263 4210 adiunctam
1279 4156 1347 4212 aedi

201 4241 310 4308 Annae;
328 4260 394 4296 nam
411 4242 440 4294 id
458 4241 614 4295 membrum
631 4239 750 4294 aedificii
768 4240 843 4308 quod
855 4244 950 4296 Annae
963 4239 1128 4294 dedicarunt
1144 4232 1213 4294 mihi
1229 4240 1346 4309 quidem

202 4325 290 4382 iisum
308 4329 351 4381 661
368 4325 503 4382 vetustius
521 4342 594 4392 esse,
613 4327 644 4379 61
656 4324 813 4381 Demetrius
830 4325 965 4394 tauquam
976 4323 1126 4393 inquilinus
1141 4324 1297 4382 accesserit.
1312 4358 1346 4367 -
