2872 4876
376 308 402 366 S.
417 310 564 366 Nicodemi
580 310 697 366 ccclesia
712 311 740 364 et
755 310 837 365 aedes
853 327 867 365 e
882 309 996 378 regione
1012 308 1090 364 sitae.
1255 302 1294 367 71
1382 362 1386 371 ,

237 472 277 560 19
298 471 442 558 Lithogr.
465 473 680 539 Atheniensis.

234 573 481 660 ,‚Dubergena“
502 576 618 640 rectius
641 573 817 657 ahitho‘gr.
834 573 921 638 Mon.
938 574 1093 657 scriptum
1116 595 1296 657 essequam

149 698 168 739 a
196 674 392 740 Schauberto
419 677 658 763 „Dubergina“
684 674 908 740 Kohlmannus
936 679 969 740 et
995 675 1134 740 Pittaces
1163 696 1295 740 consen-

148 778 243 842 tiunt.
288 778 346 842 Ille
368 779 403 842 in
423 779 528 844 indice
551 779 658 857 latinis
687 777 788 841 literis
810 776 1017 862 Dubergena‚
1045 798 1159 862 graece
1186 775 1240 841 hic
1261 777 1296 841 in

147 878 318 962 Ephemer.
348 903 379 944 n.
404 880 463 944 821
487 904 518 964 p.
541 880 604 945 509
632 881 746 960 εὑρέθη
774 881 826 961 (τὸ
855 881 1006 962 βάθρον),
1037 879 1155 962 inquit,
1184 879 1228 945 εἰ(
1256 881 1296 944 τὰ

148 981 271 1061 ἐρείπια
304 983 550 1063 καταεκαφείεη(
582 983 742 1062 ἐκκληςία(
773 983 923 1056 Παναγία
956 982 1181 1062 Δουβέργενα,
1215 1002 1295 1063 quae

148 1083 246 1147 verba
269 1084 387 1167 scripta
409 1086 484 1147 sunt
505 1105 555 1148 an.
581 1083 671 1148 1842.
1230 1145 1232 1150 ,

232 1183 272 1248 In
299 1184 382 1267 basi,
410 1206 505 1267 quam
532 1185 578 1249 ibi
604 1188 763 1268 repertam
791 1206 859 1248 esse
888 1184 965 1248 dicit
992 1183 1094 1248 editor
1122 1183 1292 1267 Ephemcr.

148 1286 168 1350 1.
185 1286 206 1349 1.
212 1335 222 1368 ,
245 1284 322 1350 haec
337 1286 501 1372 leguntur:
521 1290 579 1367 τὴν
595 1287 753 1366 θυγατέρα
768 1286 920 1366 ἀνέθηκεν
937 1287 1122 1366 Χρυείππην
1137 1286 1290 1371 Εἰλυθείᾳ.

659 1473 701 1538 Ν.
725 1476 775 1539 74.

434 1599 439 1610 ’
477 1595 544 1669 “Aa
569 1593 718 1672 Ἰωάννη(
740 1594 759 1657 ὁ
782 1594 955 1670 θεολόγοι.

230 1727 376 1792 Ecclesia
404 1727 465 1791 sita
492 1730 539 1792 est
566 1729 601 1792 in
629 1728 787 1792 radicibus
816 1729 897 1793 arcis
925 1729 964 1792 ad
987 1729 1232 1810 septemtriones
1261 1731 1293 1792 et

145 1830 301 1893 orientem
323 1830 553 1914 spectantibus,
576 1851 675 1913 prope
699 1831 737 1893 ab
760 1830 836 1894 aede
858 1830 1099 1914 Anargyrorum
1122 1829 1151 1893 5.
1189 1828 1291 1912 Supra

146 1935 196 1996 est
218 1953 291 1996 area
316 1932 371 1995 ubi
400 1932 559 2015 quondam
580 1931 722 2016 Panagia
744 1931 922 2018 (Βλασική)
946 1931 1020 2014 fuit3
1044 1952 1128 1994 nunc
1150 1930 1196 1996 ibi
1210 1946 1291 1996 'con-

146 2033 370 2116 siste1elicet‚
402 2034 430 2097 si
452 2034 522 2117 quis
545 2033 710 2099 ecclesiam
737 2032 769 2098 S.
792 2033 921 2097 Ioannis
944 2033 1102 2117 Theologi
1131 2034 1291 2118 despicere

145 2135 235 2218 cupit
257 2134 441 2199 subiectam.

231 2238 279 2301 ΑΓ
302 2238 481 2302 ΜΑΡΙΝΗΣ
504 2236 725 2302 Schaubertus.
770 2237 898 2302 Nomen
919 2237 1035 2300 falsum
1047 2236 1087 2322 *)

230 2336 273 2401 25
306 2338 355 2417 ἅγ.
390 2338 519 2417 Ἰωάνης
550 2337 694 2424 Lithogr.
728 2333 939 2403 Monacensis.
975 2336 1198 2403 ¹Scribcndum
1230 2340 1293 2405 fuit

145 2438 305 2520 Ἰωάννης.

230 2541 272 2605 65
297 2540 440 2626 Lithogr.
464 2542 681 2606 Atheniensis.

229 2641 295 2707 Ubi
309 2664 476 2707 numerum
492 2643 533 2708 74
554 2665 614 2706 nos
629 2644 807 2727 posuimus,
829 2666 888 2728 pro
906 2666 936 2707 n.
954 2643 995 2708 65
1009 2642 1153 2728 Lithogr.
1169 2643 1288 2714 Athen.

144 2744 366 2826 substitutum,
389 2745 435 2809 ibi
457 2743 488 2809 S.
512 2744 642 2808 Ioannis
665 2744 820 2829 Theolcgi
843 2745 862 2807 i.
880 2767 906 2808 e.
930 2744 1156 2829 Evangelistae
1179 2745 1289 2809 aedem

144 2865 214 2909 esse
237 2848 269 2909 et
291 2867 351 2931 ego
373 2846 438 2910 vidi
460 2850 493 2910 et
513 2845 736 2911 Kohlmannus
759 2847 934 2910 confirmat.
1007 2869 1012 2879 ·
1096 2863 1099 2867 ’

229 2946 375 3012 Eandem
397 2947 427 3012 S.
451 2947 581 3012 Ioannis
604 2949 714 3012 aedem
736 2970 805 3012 esse
827 2949 915 3013 illam
938 2970 1067 3031 censes,
1091 2930 1186 3032 quam
1202 2971 1285 3014 com-

84 3092 88 3103 ·
142 3049 334 3114 memoravit
354 3050 492 3114 Pittaces
520 3051 555 3113 in
576 3051 743 3133 Antiquar.
766 3050 966 3115 Athenarum
987 3074 1018 3134 p.
1044 3051 1114 3116 166.
1158 3051 1290 3116 Etenim

143 3151 185 3214 ab
218 3151 338 3236 templo
372 3151 544 3216 Turcamm
578 3155 686 3234 Τααμὶ
717 3157 773 3232 τῆ(
808 3154 960 3220 Κολώνα(
991 3154 1030 3217 77
1066 3150 1290 3238 (‚,Oolumna“

142 3252 235 3338 Pitt.)
260 3257 292 3317 et
313 3253 389 3317 aede
411 3253 570 3340 Panagiae
593 3254 776 3340 (BlasticeS‚
801 3258 837 3317 ut
858 3255 997 3337 videtur,
1020 3255 1054 3317 in
1076 3277 1107 3318 n.
1124 3254 1165 3318 23
1187 3259 1287 3320 nostr.

142 3353 285 3439 tabulae)
314 3356 509 3420 enumeratio
538 3356 577 3419 ad
605 3356 761 3420 orientem
789 3376 898 3419 versus
932 3356 1106 3438 procedens
1133 3358 1222 3420 venit
1250 3357 1289 3420 ad

229 3594 254 3663 *)
272 3593 305 3647 In
323 3592 462 3662 exemplo,
481 3592 555 3660 quod
569 3592 756 3647 Schaubertus
774 3594 822 3646 aut
835 3590 999 3648 Schauberti
1012 3591 1175 3647 administer
1193 3609 1288 3660 seque·

141 3679 240 3746 batur,
258 3693 314 3733 non
331 3676 440 3732 Mariua
457 3677 541 3733 fuisse
559 3677 608 3732 sed
626 3676 652 3731 S.
672 3679 789 3732 Ioannes
807 3677 925 3733 videtur.
951 3678 1024 3732 Nam
1043 3678 1071 3732 ct
1088 3676 1214 3732 imitator
1231 3677 1288 3732 Mo-

141 3762 269 3818 nacensis
286 3764 340 3819 hoc
357 3778 458 3817 nomen
475 3762 563 3816 habet
579 3778 631 3815 nec
648 3761 778 3830 genitivis
791 3761 979 3817 Schaubertus
998 3762 1038 3816 uti
1056 3762 1139 3829 solet,
1158 3763 1191 3815 ut
1208 3761 1287 3832 signo

142 3847 221 3904 aedis
239 3847 266 3902 S.
285 3847 410 3902 Marinae
429 3862 500 3915 quac
519 3847 600 3900 extra
617 3847 715 3902 urbem
739 3847 840 3915 settin
857 3865 883 3901 n.
904 3852 937 3900 50
959 3848 1072 3902 nostrae
1094 3846 1219 3915 tabulae)
1242 3846 1288 3902 ad·

141 3933 277 4002 scriptum
293 3932 398 4002 legitur
416 3934 458 3986 ΑΓ
471 3933 613 3987 ΜΑΡΙΝΑ.
637 3932 801 4001 Exemplum
818 3931 1012 3986 aSchauberti
1024 3929 1115 4000 operis
1128 3948 1288 4001 expressum

140 4017 231 4072 simile
255 4016 280 4072 ei
302 4016 386 4071 fuisse
408 4015 494 4070 indici
516 4016 662 4071 dicendum
685 4020 727 4072 est
748 4033 832 4084 quem
848 4014 974 4083 Lithogr.
993 4015 1166 4071 Monacensis
1188 4034 1237 4072 sua
1259 4017 1288 4071 in

141 4102 241 4157 tabula
258 4099 412 4170 adscripsit.
450 4100 523 4154 Nam
542 4100 595 4155 duo
614 4100 739 4167 nomina,
757 4102 786 4156 in
804 4101 904 4170 quibus
921 4102 1068 4169 peccatum
1090 4102 1134 4154 est
1151 4118 1169 4156 a
1187 4101 1287 4157 Schau-

141 4187 239 4253 berto,
258 4186 349 4241 vicina
367 4203 425 4240 esse
443 4184 472 4238 iu
489 4184 537 4239 illo
555 4185 645 4240 indice
663 4185 853 4255 reperiuntur,
871 4186 948 4255 prius
964 4186 993 4239 in
1005 4204 1031 4239 n.
1049 4192 1083 4239 25
1101 4188 1145 4253 ἅγ.
1164 4187 1286 4258 Ἰωάνης,

142 4272 264 4326 alterum
281 4270 311 4324 in
328 4288 354 4323 n.
373 4277 405 4325 26
423 4271 554 4335 Παναγία
572 4275 624 4323 τοθ
643 4270 729 4325 (αῑτα
748 4269 814 4337 (imo
834 4272 995 4338 Βλαετική),
1018 4272 1050 4324 ut
1072 4271 1191 4340 utraque
1213 4273 1287 4328 linea

141 4355 188 4411 vel
205 4355 278 4410 male
296 4356 412 4410 exarata
429 4355 474 4410 vel
491 4354 520 4408 in
538 4353 623 4408 litura
639 4353 724 4408 fuisse
744 4353 879 4409 videatur.
904 4427 906 4430 Α
