<?xml version="1.0" encoding="UTF-8"?>
<!DOCTYPE html PUBLIC "-//W3C//DTD XHTML 1.0 Transitional//EN"
    "http://www.w3.org/TR/xhtml1/DTD/xhtml1-transitional.dtd">
<html xmlns="http://www.w3.org/1999/xhtml" xml:lang="en" lang="en">
 <head>
  <title>
</title>
<meta http-equiv="Content-Type" content="text/html;charset=utf-8" />
  <meta name='ocr-system' content='tesseract 3.04.00' />
  <meta name='ocr-capabilities' content='ocr_page ocr_carea ocr_par ocr_line ocrx_word'/>
</head>
<body>
  <div class='ocr_page' id='page_1' title='image "athenaechristia00mommgoog_0042.png"; bbox 0 0 2872 4876; ppageno 0'>
   <div class='ocr_carea' id='block_1_1' title="bbox 441 279 1287 354">
    <p class='ocr_par' dir='ltr' id='par_1_1' title="bbox 441 279 1287 354">
     <span class='ocr_line' id='line_1_1' title="bbox 441 279 1287 354; baseline 0.005 -16"><span class='ocrx_word' id='word_1_1' title='bbox 441 284 560 339; x_wconf 76' lang='lat' dir='ltr'>Radices</span> <span class='ocrx_word' id='word_1_2' title='bbox 577 283 648 340; x_wconf 86' lang='lat' dir='ltr'>areis</span> <span class='ocrx_word' id='word_1_3' title='bbox 664 284 700 339; x_wconf 92' lang='lat' dir='ltr'>ad</span> <span class='ocrx_word' id='word_1_4' title='bbox 715 285 814 338; x_wconf 87' lang='lat' dir='ltr'>urbem</span> <span class='ocrx_word' id='word_1_5' title='bbox 828 285 984 354; x_wconf 86' lang='lat' dir='ltr'>vergentes.</span> <span class='ocrx_word' id='word_1_6' title='bbox 1245 279 1287 342; x_wconf 79' lang='lat'>25</span> 
     </span>
    </p>
   </div>
   <div class='ocr_carea' id='block_1_2' title="bbox 140 446 1287 840">
    <p class='ocr_par' dir='ltr' id='par_1_2' title="bbox 140 446 1287 840">
     <span class='ocr_line' id='line_1_2' title="bbox 140 446 1287 531; baseline 0 -19"><span class='ocrx_word' id='word_1_7' title='bbox 140 448 347 512; x_wconf 70' lang='lat' dir='ltr'>Atheniensis</span> <span class='ocrx_word' id='word_1_8' title='bbox 376 448 421 511; x_wconf 88' lang='lat' dir='ltr'>ibi</span> <span class='ocrx_word' id='word_1_9' title='bbox 449 471 480 511; x_wconf 90' lang='lat' dir='ltr'>n.</span> <span class='ocrx_word' id='word_1_10' title='bbox 505 447 547 510; x_wconf 78' lang='lat'>92</span> <span class='ocrx_word' id='word_1_11' title='bbox 575 447 680 511; x_wconf 89' lang='lat' dir='ltr'>habet.</span> <span class='ocrx_word' id='word_1_12' title='bbox 732 447 836 523; x_wconf 77' lang='lat' dir='ltr'>Quum</span> <span class='ocrx_word' id='word_1_13' title='bbox 868 446 951 510; x_wconf 83' lang='lat' dir='ltr'>nihil</span> <span class='ocrx_word' id='word_1_14' title='bbox 978 446 1062 531; x_wconf 81' lang='lat' dir='ltr'>signi</span> <span class='ocrx_word' id='word_1_15' title='bbox 1090 447 1186 530; x_wconf 86' lang='lat' dir='ltr'>adsit,</span> <span class='ocrx_word' id='word_1_16' title='bbox 1221 470 1287 512; x_wconf 90' lang='lat' dir='ltr'>non</span> 
     </span>
     <span class='ocr_line' id='line_1_3' title="bbox 141 549 1286 636; baseline 0 -24"><span class='ocrx_word' id='word_1_17' title='bbox 141 550 338 633; x_wconf 75' lang='lat' dir='ltr'>dubitamus,</span> <span class='ocrx_word' id='word_1_18' title='bbox 363 549 439 632; x_wconf 90' lang='lat' dir='ltr'>quin</span> <span class='ocrx_word' id='word_1_19' title='bbox 461 571 593 613; x_wconf 89' lang='lat' dir='ltr'>numero</span> <span class='ocrx_word' id='word_1_20' title='bbox 616 551 657 613; x_wconf 75' lang='lat'>92</span> <span class='ocrx_word' id='word_1_21' title='bbox 680 550 776 613; x_wconf 92' lang='lat' dir='ltr'>situm</span> <span class='ocrx_word' id='word_1_22' title='bbox 796 549 937 634; x_wconf 83' lang='lat' dir='ltr'>regionis</span> <span class='ocrx_word' id='word_1_23' title='bbox 953 551 1088 615; x_wconf 79' lang='grc' dir='ltr'>(ολάκοι</span> <span class='ocrx_word' id='word_1_24' title='bbox 1111 549 1286 636; x_wconf 78' lang='lat' dir='ltr'>indicare*)</span> 
     </span>
     <span class='ocr_line' id='line_1_4' title="bbox 141 650 1285 736; baseline -0.001 -22"><span class='ocrx_word' id='word_1_25' title='bbox 141 652 292 734; x_wconf 84' lang='lat' dir='ltr'>voluerit,</span> <span class='ocrx_word' id='word_1_26' title='bbox 316 673 411 734; x_wconf 90' lang='lat' dir='ltr'>quem</span> <span class='ocrx_word' id='word_1_27' title='bbox 431 673 530 734; x_wconf 90' lang='lat' dir='ltr'>usque</span> <span class='ocrx_word' id='word_1_28' title='bbox 554 651 594 714; x_wconf 88' lang='lat' dir='ltr'>ad</span> <span class='ocrx_word' id='word_1_29' title='bbox 609 650 639 715; x_wconf 82' lang='lat' dir='ltr'>S.</span> <span class='ocrx_word' id='word_1_30' title='bbox 656 652 831 735; x_wconf 73' lang='lat' dir='ltr'>Apostolos</span> <span class='ocrx_word' id='word_1_31' title='bbox 849 651 909 714; x_wconf 88' lang='grc'>108</span> <span class='ocrx_word' id='word_1_32' title='bbox 931 651 1090 734; x_wconf 89' lang='lat' dir='ltr'>pertinere</span> <span class='ocrx_word' id='word_1_33' title='bbox 1114 674 1153 715; x_wconf 84' lang='lat' dir='ltr'>ex</span> <span class='ocrx_word' id='word_1_34' title='bbox 1169 673 1285 736; x_wconf 78' lang='lat' dir='ltr'>eogno-</span> 
     </span>
     <span class='ocr_line' id='line_1_5' title="bbox 142 752 904 840; baseline 0 -24"><span class='ocrx_word' id='word_1_35' title='bbox 142 753 228 817; x_wconf 89' lang='lat' dir='ltr'>mine</span> <span class='ocrx_word' id='word_1_36' title='bbox 252 752 416 840; x_wconf 76' lang='grc' dir='ltr'>((ολὰκοι)</span> <span class='ocrx_word' id='word_1_37' title='bbox 441 753 507 817; x_wconf 87' lang='lat' dir='ltr'>eius</span> <span class='ocrx_word' id='word_1_38' title='bbox 531 753 681 818; x_wconf 85' lang='lat' dir='ltr'>eeclesiae</span> <span class='ocrx_word' id='word_1_39' title='bbox 704 754 904 838; x_wconf 71' lang='lat' dir='ltr'>intelligitur.</span> 
     </span>
    </p>
   </div>
   <div class='ocr_carea' id='block_1_3' title="bbox 589 921 837 1123">
    <p class='ocr_par' dir='ltr' id='par_1_3' title="bbox 589 921 837 1123">
     <span class='ocr_line' id='line_1_6' title="bbox 653 921 768 987; baseline -0.009 0"><span class='ocrx_word' id='word_1_40' title='bbox 653 921 694 987; x_wconf 93' lang='lat' dir='ltr'>N.</span> <span class='ocrx_word' id='word_1_41' title='bbox 720 923 768 987; x_wconf 86' lang='lat'>19.</span> 
     </span>
     <span class='ocr_line' id='line_1_7' title="bbox 589 1042 837 1123; baseline 0 -17"><span class='ocrx_word' id='word_1_42' title='bbox 589 1042 837 1123; x_wconf 78' lang='grc' dir='ltr'>Εὐαγγελίετρια.</span> 
     </span>
    </p>
   </div>
   <div class='ocr_carea' id='block_1_4' title="bbox 141 1176 1310 1972">
    <p class='ocr_par' dir='ltr' id='par_1_4' title="bbox 227 1176 1250 1260">
     <span class='ocr_line' id='line_1_8' title="bbox 227 1176 1250 1260; baseline 0 -20"><span class='ocrx_word' id='word_1_43' title='bbox 227 1176 279 1240; x_wconf 91' lang='lat' dir='ltr'>Ab</span> <span class='ocrx_word' id='word_1_44' title='bbox 302 1178 436 1241; x_wconf 86' lang='lat' dir='ltr'>eeclesia</span> <span class='ocrx_word' id='word_1_45' title='bbox 457 1177 666 1260; x_wconf 88' lang='lat' dir='ltr'>Hypapantes</span> <span class='ocrx_word' id='word_1_46' title='bbox 690 1177 750 1240; x_wconf 90' lang='lat' dir='ltr'>sita</span> <span class='ocrx_word' id='word_1_47' title='bbox 772 1177 832 1240; x_wconf 90' lang='lat' dir='ltr'>fuit</span> <span class='ocrx_word' id='word_1_48' title='bbox 852 1178 891 1240; x_wconf 91' lang='lat' dir='ltr'>ad</span> <span class='ocrx_word' id='word_1_49' title='bbox 914 1177 1111 1240; x_wconf 81' lang='lat' dir='ltr'>occidentem</span> <span class='ocrx_word' id='word_1_50' title='bbox 1132 1199 1250 1241; x_wconf 88' lang='lat' dir='ltr'>versus.</span> 
     </span>
    </p>

    <p class='ocr_par' dir='ltr' id='par_1_5' title="bbox 228 1278 739 1345">
     <span class='ocr_line' id='line_1_9' title="bbox 228 1278 739 1345; baseline -0.002 -2"><span class='ocrx_word' id='word_1_51' title='bbox 228 1279 532 1345; x_wconf 86' lang='grc' dir='ltr'>ΕΥΑΓΙἜΛΙΣΤΡΙΑ</span> <span class='ocrx_word' id='word_1_52' title='bbox 554 1278 739 1343; x_wconf 78' lang='lat' dir='ltr'>Sehaubert.</span> 
     </span>
    </p>

    <p class='ocr_par' dir='ltr' id='par_1_6' title="bbox 229 1378 678 1464">
     <span class='ocr_line' id='line_1_10' title="bbox 229 1378 678 1464; baseline 0.002 -21"><span class='ocrx_word' id='word_1_53' title='bbox 229 1378 440 1464; x_wconf 82' lang='lat' dir='ltr'>Lith&#39;ographi</span> <span class='ocrx_word' id='word_1_54' title='bbox 461 1402 528 1444; x_wconf 90' lang='lat' dir='ltr'>non</span> <span class='ocrx_word' id='word_1_55' title='bbox 550 1380 678 1444; x_wconf 88' lang='lat' dir='ltr'>habent.</span> 
     </span>
    </p>

    <p class='ocr_par' dir='ltr' id='par_1_7' title="bbox 141 1481 1310 1972">
     <span class='ocr_line' id='line_1_11' title="bbox 227 1481 1286 1567; baseline 0.003 -25"><span class='ocrx_word' id='word_1_56' title='bbox 227 1481 330 1556; x_wconf 79' lang='lat' dir='ltr'>Quum</span> <span class='ocrx_word' id='word_1_57' title='bbox 352 1483 386 1544; x_wconf 89' lang='lat' dir='ltr'>in</span> <span class='ocrx_word' id='word_1_58' title='bbox 409 1481 596 1567; x_wconf 69' lang='lat' dir='ltr'>Sohauberti</span> <span class='ocrx_word' id='word_1_59' title='bbox 618 1483 727 1545; x_wconf 89' lang='lat' dir='ltr'>tabula</span> <span class='ocrx_word' id='word_1_60' title='bbox 748 1482 876 1566; x_wconf 82' lang='lat' dir='ltr'>signum</span> <span class='ocrx_word' id='word_1_61' title='bbox 898 1483 1054 1544; x_wconf 83' lang='lat' dir='ltr'>vetustate</span> <span class='ocrx_word' id='word_1_62' title='bbox 1084 1504 1212 1545; x_wconf 84' lang='lat' dir='ltr'>exesum</span> <span class='ocrx_word' id='word_1_63' title='bbox 1236 1483 1286 1565; x_wconf 84' lang='lat' dir='ltr'>sit,</span> 
     </span>
     <span class='ocr_line' id='line_1_12' title="bbox 142 1583 1287 1669; baseline 0.003 -25"><span class='ocrx_word' id='word_1_64' title='bbox 142 1583 280 1645; x_wconf 87' lang='lat' dir='ltr'>dubitari</span> <span class='ocrx_word' id='word_1_65' title='bbox 307 1586 428 1666; x_wconf 76' lang='lat' dir='ltr'>potest,</span> <span class='ocrx_word' id='word_1_66' title='bbox 457 1584 491 1646; x_wconf 92' lang='lat' dir='ltr'>in</span> <span class='ocrx_word' id='word_1_67' title='bbox 518 1587 589 1646; x_wconf 85' lang='lat' dir='ltr'>utra</span> <span class='ocrx_word' id='word_1_68' title='bbox 624 1587 713 1666; x_wconf 90' lang='lat' dir='ltr'>parte</span> <span class='ocrx_word' id='word_1_69' title='bbox 740 1583 809 1646; x_wconf 84' lang='lat' dir='ltr'>viae</span> <span class='ocrx_word' id='word_1_70' title='bbox 837 1584 1002 1668; x_wconf 82' lang='lat' dir='ltr'>Areopagi</span> <span class='ocrx_word' id='word_1_71' title='bbox 1031 1584 1287 1669; x_wconf 81' lang='lat' dir='ltr'>Evangelistriae</span> 
     </span>
     <span class='ocr_line' id='line_1_13' title="bbox 143 1683 1287 1768; baseline 0.002 -22"><span class='ocrx_word' id='word_1_72' title='bbox 143 1684 232 1746; x_wconf 86' lang='lat' dir='ltr'>sedes</span> <span class='ocrx_word' id='word_1_73' title='bbox 254 1683 358 1747; x_wconf 85' lang='lat' dir='ltr'>fuerit.</span> <span class='ocrx_word' id='word_1_74' title='bbox 402 1684 526 1748; x_wconf 87' lang='lat' dir='ltr'>Literae</span> <span class='ocrx_word' id='word_1_75' title='bbox 549 1689 655 1749; x_wconf 88' lang='lat' dir='ltr'>autem</span> <span class='ocrx_word' id='word_1_76' title='bbox 677 1706 744 1748; x_wconf 89' lang='lat' dir='ltr'>non</span> <span class='ocrx_word' id='word_1_77' title='bbox 764 1707 821 1768; x_wconf 88' lang='lat' dir='ltr'>per</span> <span class='ocrx_word' id='word_1_78' title='bbox 849 1685 978 1748; x_wconf 87' lang='lat' dir='ltr'>duetum</span> <span class='ocrx_word' id='word_1_79' title='bbox 1000 1686 1068 1750; x_wconf 88' lang='lat' dir='ltr'>viae</span> <span class='ocrx_word' id='word_1_80' title='bbox 1097 1686 1152 1749; x_wconf 90' lang='lat' dir='ltr'>sed</span> <span class='ocrx_word' id='word_1_81' title='bbox 1180 1686 1287 1749; x_wconf 81' lang='lat' dir='ltr'>ita-ab</span> 
     </span>
     <span class='ocr_line' id='line_1_14' title="bbox 143 1783 1310 1880; baseline 0.003 -32"><span class='ocrx_word' id='word_1_82' title='bbox 143 1783 338 1849; x_wconf 79' lang='lat' dir='ltr'>Sohauberto</span> <span class='ocrx_word' id='word_1_83' title='bbox 362 1786 497 1868; x_wconf 84' lang='lat' dir='ltr'>scriptae</span> <span class='ocrx_word' id='word_1_84' title='bbox 520 1789 594 1850; x_wconf 76' lang='lat' dir='ltr'>srmt</span> <span class='ocrx_word' id='word_1_85' title='bbox 619 1789 655 1850; x_wconf 87' lang='lat' dir='ltr'>ut</span> <span class='ocrx_word' id='word_1_86' title='bbox 676 1787 715 1850; x_wconf 91' lang='lat' dir='ltr'>ab</span> <span class='ocrx_word' id='word_1_87' title='bbox 739 1810 776 1849; x_wconf 89' lang='lat' dir='ltr'>ea</span> <span class='ocrx_word' id='word_1_88' title='bbox 803 1787 872 1850; x_wconf 90' lang='lat' dir='ltr'>viae</span> <span class='ocrx_word' id='word_1_89' title='bbox 901 1791 990 1880; x_wconf 82' lang='lat' dir='ltr'>parte</span> <span class='ocrx_word' id='word_1_90' title='bbox 1018 1787 1176 1870; x_wconf 86' lang='lat' dir='ltr'>incipiant</span> <span class='ocrx_word' id='word_1_91' title='bbox 1204 1808 1310 1869; x_wconf 78' lang='lat' dir='ltr'>quae.</span> 
     </span>
     <span class='ocr_line' id='line_1_15' title="bbox 141 1887 984 1972; baseline 0.005 -24"><span class='ocrx_word' id='word_1_92' title='bbox 141 1887 181 1949; x_wconf 88' lang='lat' dir='ltr'>ad</span> <span class='ocrx_word' id='word_1_93' title='bbox 205 1888 310 1949; x_wconf 89' lang='lat' dir='ltr'>ortum</span> <span class='ocrx_word' id='word_1_94' title='bbox 332 1887 408 1951; x_wconf 90' lang='lat' dir='ltr'>solis</span> <span class='ocrx_word' id='word_1_95' title='bbox 430 1888 544 1972; x_wconf 84' lang='lat' dir='ltr'>vergit.</span> <span class='ocrx_word' id='word_1_96' title='bbox 589 1887 639 1951; x_wconf 91' lang='lat' dir='ltr'>lbi</span> <span class='ocrx_word' id='word_1_97' title='bbox 662 1887 789 1972; x_wconf 87' lang='lat' dir='ltr'>signum</span> <span class='ocrx_word' id='word_1_98' title='bbox 811 1889 984 1971; x_wconf 87' lang='lat' dir='ltr'>posuimus.</span> 
     </span>
    </p>
   </div>
   <div class='ocr_carea' id='block_1_5' title="bbox 610 2316 817 2413">
    <p class='ocr_par' dir='ltr' id='par_1_8' title="bbox 610 2316 817 2413">
     <span class='ocr_line' id='line_1_16' title="bbox 610 2316 817 2413; baseline 0.01 -24"><span class='ocrx_word' id='word_1_99' title='bbox 610 2316 730 2413; x_wconf 73' lang='lat' dir='ltr'>Caput</span> <span class='ocrx_word' id='word_1_100' title='bbox 755 2316 817 2391; x_wconf 87' lang='lat' dir='ltr'>IV.</span> 
     </span>
    </p>
   </div>
   <div class='ocr_carea' id='block_1_6' title="bbox 219 2470 1180 2608">
    <p class='ocr_par' dir='ltr' id='par_1_9' title="bbox 219 2470 1180 2616">
     <span class='ocr_line' id='line_1_17' title="bbox 219 2470 1180 2608; baseline 0.004 -28"><span class='ocrx_word' id='word_1_101' title='bbox 219 2498 416 2580; x_wconf 83' lang='lat' dir='ltr'>&#39;Radioes</span> <span class='ocrx_word' id='word_1_102' title='bbox 443 2498 547 2581; x_wconf 85' lang='lat' dir='ltr'>areis</span> <span class='ocrx_word' id='word_1_103' title='bbox 576 2500 788 2608; x_wconf 81' lang='lat' dir='ltr'>adortum</span> <span class='ocrx_word' id='word_1_104' title='bbox 815 2470 1180 2602; x_wconf 72' lang='lat' dir='ltr'>soussp&#39;seaites.</span> 
     </span>
    </p>
   </div>
   <div class='ocr_carea' id='block_1_7' title="bbox 588 2700 843 2899">
    <p class='ocr_par' dir='ltr' id='par_1_10' title="bbox 588 2700 843 2899">
     <span class='ocr_line' id='line_1_18' title="bbox 654 2700 769 2766; baseline -0.026 0"><span class='ocrx_word' id='word_1_105' title='bbox 654 2700 695 2766; x_wconf 91' lang='lat' dir='ltr'>N.</span> <span class='ocrx_word' id='word_1_106' title='bbox 719 2702 769 2763; x_wconf 77' lang='lat'>20.</span> 
     </span>
     <span class='ocr_line' id='line_1_19' title="bbox 588 2821 843 2899; baseline 0 -15"><span class='ocrx_word' id='word_1_107' title='bbox 588 2821 655 2896; x_wconf 87' lang='grc' dir='ltr'>Ἅγ.</span> <span class='ocrx_word' id='word_1_108' title='bbox 680 2821 843 2899; x_wconf 76' lang='grc' dir='ltr'>Γεώργιοε.</span> 
     </span>
    </p>
   </div>
   <div class='ocr_carea' id='block_1_8' title="bbox 94 2953 1360 3325">
    <p class='ocr_par' dir='ltr' id='par_1_11' title="bbox 94 2953 1360 3325">
     <span class='ocr_line' id='line_1_20' title="bbox 226 2953 1360 3042; baseline 0.004 -26"><span class='ocrx_word' id='word_1_109' title='bbox 226 2953 333 3016; x_wconf 78' lang='lat' dir='ltr'>Facile</span> <span class='ocrx_word' id='word_1_110' title='bbox 356 2953 414 3016; x_wconf 91' lang='lat' dir='ltr'>sub</span> <span class='ocrx_word' id='word_1_111' title='bbox 443 2956 606 3037; x_wconf 84' lang='lat' dir='ltr'>aspectum</span> <span class='ocrx_word' id='word_1_112' title='bbox 633 2955 721 3018; x_wconf 89' lang='lat' dir='ltr'>venit</span> <span class='ocrx_word' id='word_1_113' title='bbox 748 2954 881 3018; x_wconf 86' lang='lat' dir='ltr'>ecelesia</span> <span class='ocrx_word' id='word_1_114' title='bbox 908 2956 970 3019; x_wconf 85' lang='lat' dir='ltr'>sita</span> <span class='ocrx_word' id='word_1_115' title='bbox 997 2955 1031 3025; x_wconf 89' lang='lat' dir='ltr'>in</span> <span class='ocrx_word' id='word_1_116' title='bbox 1059 2956 1140 3020; x_wconf 86' lang='lat' dir='ltr'>areis</span> <span class='ocrx_word' id='word_1_117' title='bbox 1169 2958 1286 3042; x_wconf 85' lang='lat' dir='ltr'>angulo</span> <span class='ocrx_word' id='word_1_118' title='bbox 1353 2986 1360 2997; x_wconf 46' lang='lat'>⁸</span> 
     </span>
     <span class='ocr_line' id='line_1_21' title="bbox 141 3056 1124 3140; baseline 0.004 -22"><span class='ocrx_word' id='word_1_119' title='bbox 141 3056 195 3139; x_wconf 86' lang='lat' dir='ltr'>qui</span> <span class='ocrx_word' id='word_1_120' title='bbox 219 3059 343 3138; x_wconf 82' lang='lat' dir='ltr'>spectat</span> <span class='ocrx_word' id='word_1_121' title='bbox 365 3056 450 3120; x_wconf 89' lang='lat' dir='ltr'>inter</span> <span class='ocrx_word' id='word_1_122' title='bbox 471 3056 626 3120; x_wconf 85' lang='lat' dir='ltr'>orientem</span> <span class='ocrx_word' id='word_1_123' title='bbox 640 3061 681 3134; x_wconf 59' lang='grc'>,11</span> <span class='ocrx_word' id='word_1_124' title='bbox 703 3058 955 3140; x_wconf 81' lang='lat' dir='ltr'>septemtriones</span> <span class='ocrx_word' id='word_1_125' title='bbox 1121 3058 1124 3069; x_wconf 73' lang='lat'><em>&#39;</em></span> 
     </span>
     <span class='ocr_line' id='line_1_22' title="bbox 94 3158 1285 3246; baseline 0.002 -22"><span class='ocrx_word' id='word_1_126' title='bbox 94 3220 97 3224; x_wconf 79' lang='grc'><strong><em>,</em></strong></span> <span class='ocrx_word' id='word_1_127' title='bbox 225 3159 264 3222; x_wconf 91' lang='lat' dir='ltr'>ln</span> <span class='ocrx_word' id='word_1_128' title='bbox 286 3158 473 3223; x_wconf 78' lang='lat' dir='ltr'>Sohauberti</span> <span class='ocrx_word' id='word_1_129' title='bbox 500 3159 608 3222; x_wconf 88' lang='lat' dir='ltr'>tabula</span> <span class='ocrx_word' id='word_1_130' title='bbox 637 3159 763 3244; x_wconf 82' lang='lat' dir='ltr'>signum</span> <span class='ocrx_word' id='word_1_131' title='bbox 791 3159 889 3223; x_wconf 90' lang='lat' dir='ltr'>habes</span> <span class='ocrx_word' id='word_1_132' title='bbox 912 3160 980 3224; x_wconf 91' lang='lat' dir='ltr'>sine</span> <span class='ocrx_word' id='word_1_133' title='bbox 1002 3161 1141 3225; x_wconf 89' lang='lat' dir='ltr'>nomine.</span> <span class='ocrx_word' id='word_1_134' title='bbox 1186 3162 1285 3246; x_wconf 82' lang='lat' dir='ltr'>Lege-</span> 
     </span>
     <span class='ocr_line' id='line_1_23' title="bbox 141 3261 822 3325; baseline 0.004 -4"><span class='ocrx_word' id='word_1_135' title='bbox 141 3263 228 3322; x_wconf 88' lang='lat' dir='ltr'>retur</span> <span class='ocrx_word' id='word_1_136' title='bbox 249 3282 369 3324; x_wconf 89' lang='lat' dir='ltr'>nomen</span> <span class='ocrx_word' id='word_1_137' title='bbox 389 3261 453 3324; x_wconf 90' lang='lat' dir='ltr'>nisi</span> <span class='ocrx_word' id='word_1_138' title='bbox 475 3283 535 3324; x_wconf 91' lang='lat' dir='ltr'>usu</span> <span class='ocrx_word' id='word_1_139' title='bbox 558 3261 708 3324; x_wconf 86' lang='lat' dir='ltr'>detritum</span> <span class='ocrx_word' id='word_1_140' title='bbox 730 3264 822 3325; x_wconf 88' lang='lat' dir='ltr'>esset.</span> 
     </span>
    </p>
   </div>
   <div class='ocr_carea' id='block_1_9' title="bbox 229 3362 918 3548">
    <p class='ocr_par' dir='ltr' id='par_1_12' title="bbox 229 3362 918 3548">
     <span class='ocr_line' id='line_1_24' title="bbox 229 3362 918 3446; baseline 0.003 -23"><span class='ocrx_word' id='word_1_141' title='bbox 229 3362 267 3424; x_wconf 84' lang='grc'>19</span> <span class='ocrx_word' id='word_1_142' title='bbox 290 3363 338 3439; x_wconf 86' lang='grc' dir='ltr'>ἅγ.</span> <span class='ocrx_word' id='word_1_143' title='bbox 364 3365 518 3442; x_wconf 79' lang='grc' dir='ltr'>Γεώργιο(</span> <span class='ocrx_word' id='word_1_144' title='bbox 540 3362 684 3446; x_wconf 80' lang='lat' dir='ltr'>Lithogr.</span> <span class='ocrx_word' id='word_1_145' title='bbox 708 3362 918 3427; x_wconf 86' lang='lat' dir='ltr'>Monacensis.</span> 
     </span>
     <span class='ocr_line' id='line_1_25' title="bbox 230 3462 676 3548; baseline 0.011 -25"><span class='ocrx_word' id='word_1_146' title='bbox 230 3463 268 3524; x_wconf 89' lang='grc'>16</span> <span class='ocrx_word' id='word_1_147' title='bbox 290 3462 435 3548; x_wconf 84' lang='lat' dir='ltr'>Lithogr.</span> <span class='ocrx_word' id='word_1_148' title='bbox 458 3464 676 3528; x_wconf 81' lang='lat' dir='ltr'>Atheniensis.</span> 
     </span>
    </p>
   </div>
   <div class='ocr_carea' id='block_1_10' title="bbox 593 3633 826 3698">
    <p class='ocr_par' dir='ltr' id='par_1_13' title="bbox 593 3633 826 3698">
     <span class='ocr_line' id='line_1_26' title="bbox 593 3633 826 3698; baseline 0 0"><span class='ocrx_word' id='word_1_149' title='bbox 593 3633 826 3698; x_wconf 59' lang='lat' dir='ltr'>Nfflmffi</span> 
     </span>
    </p>
   </div>
   <div class='ocr_carea' id='block_1_11' title="bbox 568 3752 857 3807">
    <p class='ocr_par' dir='ltr' id='par_1_14' title="bbox 568 3752 857 3807">
     <span class='ocr_line' id='line_1_27' title="bbox 568 3752 857 3807; baseline 0 -2"><span class='ocrx_word' id='word_1_150' title='bbox 568 3752 857 3807; x_wconf 82' lang='lat' dir='ltr'>Parietinae.</span> 
     </span>
    </p>
   </div>
   <div class='ocr_carea' id='block_1_12' title="bbox 140 3868 1285 4056">
    <p class='ocr_par' dir='ltr' id='par_1_15' title="bbox 140 3868 1285 4056">
     <span class='ocr_line' id='line_1_28' title="bbox 225 3868 1284 3954; baseline 0.005 -23"><span class='ocrx_word' id='word_1_151' title='bbox 225 3869 288 3932; x_wconf 91' lang='lat' dir='ltr'>Pro</span> <span class='ocrx_word' id='word_1_152' title='bbox 311 3868 451 3931; x_wconf 86' lang='lat' dir='ltr'>numeris</span> <span class='ocrx_word' id='word_1_153' title='bbox 475 3869 517 3931; x_wconf 78' lang='lat'>22</span> <span class='ocrx_word' id='word_1_154' title='bbox 541 3873 572 3933; x_wconf 94' lang='lat' dir='ltr'>et</span> <span class='ocrx_word' id='word_1_155' title='bbox 593 3870 649 3953; x_wconf 78' lang='lat'>23,</span> <span class='ocrx_word' id='word_1_156' title='bbox 679 3892 757 3954; x_wconf 90' lang='lat' dir='ltr'>quos</span> <span class='ocrx_word' id='word_1_157' title='bbox 786 3870 886 3954; x_wconf 79' lang='lat' dir='ltr'>signis</span> <span class='ocrx_word' id='word_1_158' title='bbox 914 3871 1011 3934; x_wconf 90' lang='lat' dir='ltr'>nullis</span> <span class='ocrx_word' id='word_1_159' title='bbox 1033 3871 1168 3953; x_wconf 87' lang='lat' dir='ltr'>appictis</span> <span class='ocrx_word' id='word_1_160' title='bbox 1190 3872 1284 3936; x_wconf 91' lang='lat' dir='ltr'>litho-</span> 
     </span>
     <span class='ocr_line' id='line_1_29' title="bbox 140 3968 1285 4056; baseline 0.006 -24"><span class='ocrx_word' id='word_1_161' title='bbox 140 3970 281 4054; x_wconf 80' lang='lat' dir='ltr'>graphus</span> <span class='ocrx_word' id='word_1_162' title='bbox 304 3968 512 4034; x_wconf 80' lang='lat' dir='ltr'>Atheniensis</span> <span class='ocrx_word' id='word_1_163' title='bbox 534 3972 658 4056; x_wconf 81' lang='lat' dir='ltr'>posuit,</span> <span class='ocrx_word' id='word_1_164' title='bbox 686 3972 721 4035; x_wconf 92' lang='lat' dir='ltr'>in</span> <span class='ocrx_word' id='word_1_165' title='bbox 747 3974 857 4035; x_wconf 90' lang='lat' dir='ltr'>nostra</span> <span class='ocrx_word' id='word_1_166' title='bbox 884 3973 992 4035; x_wconf 84' lang='lat' dir='ltr'>tabula</span> <span class='ocrx_word' id='word_1_167' title='bbox 1019 3971 1181 4035; x_wconf 88' lang='lat' dir='ltr'>substituti</span> <span class='ocrx_word' id='word_1_168' title='bbox 1211 3980 1285 4039; x_wconf 91' lang='lat' dir='ltr'>sunt</span> 
     </span>
    </p>
   </div>
   <div class='ocr_carea' id='block_1_13' title="bbox 142 4156 1284 4395">
    <p class='ocr_par' dir='ltr' id='par_1_16' title="bbox 142 4156 1284 4395">
     <span class='ocr_line' id='line_1_30' title="bbox 208 4156 1284 4226; baseline 0.006 -18"><span class='ocrx_word' id='word_1_169' title='bbox 208 4158 233 4223; x_wconf 82' lang='lat'>*)</span> <span class='ocrx_word' id='word_1_170' title='bbox 253 4156 282 4208; x_wconf 84' lang='lat' dir='ltr'>Si</span> <span class='ocrx_word' id='word_1_171' title='bbox 301 4172 384 4223; x_wconf 84' lang='lat' dir='ltr'>quem</span> <span class='ocrx_word' id='word_1_172' title='bbox 401 4156 482 4210; x_wconf 87' lang='lat' dir='ltr'>huius</span> <span class='ocrx_word' id='word_1_173' title='bbox 501 4162 529 4210; x_wconf 89' lang='lat' dir='ltr'>et</span> <span class='ocrx_word' id='word_1_174' title='bbox 546 4157 646 4226; x_wconf 89' lang='lat' dir='ltr'>prioris</span> <span class='ocrx_word' id='word_1_175' title='bbox 664 4156 855 4226; x_wconf 76' lang='lat' dir='ltr'>explicationis</span> <span class='ocrx_word' id='word_1_176' title='bbox 868 4160 1011 4213; x_wconf 78' lang='lat' dir='ltr'>auctorem</span> <span class='ocrx_word' id='word_1_177' title='bbox 1028 4157 1176 4226; x_wconf 86' lang='lat' dir='ltr'>desideres,</span> <span class='ocrx_word' id='word_1_178' title='bbox 1194 4160 1284 4214; x_wconf 87' lang='lat' dir='ltr'>afferi-</span> 
     </span>
     <span class='ocr_line' id='line_1_31' title="bbox 142 4240 1283 4314; baseline 0.01 -24"><span class='ocrx_word' id='word_1_179' title='bbox 142 4256 202 4292; x_wconf 85' lang='lat' dir='ltr'>mus</span> <span class='ocrx_word' id='word_1_180' title='bbox 220 4241 372 4309; x_wconf 80' lang='lat' dir='ltr'>Georgium</span> <span class='ocrx_word' id='word_1_181' title='bbox 389 4240 596 4294; x_wconf 89' lang='lat' dir='ltr'>Kohlmannum</span> <span class='ocrx_word' id='word_1_182' title='bbox 613 4242 818 4296; x_wconf 85' lang='lat' dir='ltr'>Atheniensem.</span> <span class='ocrx_word' id='word_1_183' title='bbox 854 4245 881 4297; x_wconf 90' lang='lat' dir='ltr'>Is</span> <span class='ocrx_word' id='word_1_184' title='bbox 902 4262 928 4297; x_wconf 86' lang='lat' dir='ltr'>n.</span> <span class='ocrx_word' id='word_1_185' title='bbox 949 4251 979 4298; x_wconf 80' lang='grc'>91</span> <span class='ocrx_word' id='word_1_186' title='bbox 1004 4243 1040 4297; x_wconf 93' lang='lat' dir='ltr'>ad</span> <span class='ocrx_word' id='word_1_187' title='bbox 1061 4242 1213 4314; x_wconf 74' lang='lat' dir='ltr'>parietinas</span> <span class='ocrx_word' id='word_1_188' title='bbox 1233 4247 1283 4301; x_wconf 87' lang='lat' dir='ltr'>Cu·</span> 
     </span>
     <span class='ocr_line' id='line_1_32' title="bbox 143 4322 901 4395; baseline 0.008 -21"><span class='ocrx_word' id='word_1_189' title='bbox 143 4322 214 4388; x_wconf 85' lang='lat' dir='ltr'>riae,</span> <span class='ocrx_word' id='word_1_190' title='bbox 231 4342 257 4377; x_wconf 91' lang='lat' dir='ltr'>n.</span> <span class='ocrx_word' id='word_1_191' title='bbox 277 4331 308 4378; x_wconf 77' lang='lat'>92</span> <span class='ocrx_word' id='word_1_192' title='bbox 327 4325 364 4379; x_wconf 92' lang='lat' dir='ltr'>ad</span> <span class='ocrx_word' id='word_1_193' title='bbox 381 4325 525 4395; x_wconf 86' lang='lat' dir='ltr'>regionem</span> <span class='ocrx_word' id='word_1_194' title='bbox 544 4325 681 4394; x_wconf 77' lang='lat' dir='ltr'>‚‚Solaki“</span> <span class='ocrx_word' id='word_1_195' title='bbox 699 4326 798 4381; x_wconf 87' lang='lat' dir='ltr'>referri</span> <span class='ocrx_word' id='word_1_196' title='bbox 815 4325 901 4383; x_wconf 87' lang='lat' dir='ltr'>iubet.</span> 
     </span>
    </p>
   </div>
   <div class='ocr_carea' id='block_1_14' title="bbox 0 0 1467 4876">
    <p class='ocr_par' dir='ltr' id='par_1_17' title="bbox 0 0 1467 4876">
     <span class='ocr_line' id='line_1_33' title="bbox 0 0 1467 4876; baseline 0 0"><span class='ocrx_word' id='word_1_197' title='bbox 0 0 1467 4876; x_wconf 95' lang='lat' dir='ltr'> </span> 
     </span>
    </p>
   </div>
  </div>
 </body>
</html>
