2872 4876
378 346 403 402 S.
419 348 564 404 Nicodemi
579 349 697 404 eeclesia
712 350 741 404 et
755 349 837 404 aedes
854 367 868 403 e
883 349 997 419 regione
1012 349 1090 405 sitae.
1257 344 1299 409 69

664 511 705 576 Ν.
730 511 779 575 70.

547 631 610 708 Ἁγ.
635 632 743 711 (ωτὴρ
769 632 899 709 Κοτάκη.

235 767 371 849 Propter
393 766 459 828 vias
482 765 723 847 Cydatheuaeae
746 769 779 829 et
801 764 897 829 Codri
909 767 939 851 ²¹³)
970 767 1031 830 sita
1060 771 1109 832 est
1132 767 1162 832 S.
1188 769 1296 834 Serva-

150 870 229 933 toris
253 867 365 933 Oetaei
393 867 500 948 aedes,
533 869 567 929 in
596 872 657 950 qua
684 868 779 931 Russi
807 889 896 930 saera
922 868 1098 950 faciebant,
1128 873 1297 954 antequam

151 971 182 1035 S.
207 968 376 1035 Nicodemi
410 968 574 1032 ecelesiam
602 973 743 1033 emerent
776 973 807 1032 et
840 969 1083 1033 exaedificarent
1111 969 1142 1034 h.
1167 993 1192 1035 e.
1222 977 1296 1037 ante

150 1096 200 1136 an.
226 1072 317 1137 1852.
364 1070 455 1145 Quod
479 1093 528 1133 au.
553 1069 635 1134 1854
657 1070 795 1134 Pittaoes
824 1070 961 1134 dirutam
988 1071 1085 1135 fuisse
1114 1073 1225 1137 scribit
1235 1074 1295 1159 ee„

151 1175 197 1238 ita
219 1173 370 1256 explicari
392 1174 513 1255 potest,
536 1175 571 1234 ut
586 1171 706 1234 Russus
722 1172 917 1255 suspicemur
939 1172 1104 1236 materiam
1125 1174 1199 1238 inde
1214 1198 1297 1239 sum·

150 1276 246 1358 sisse,
270 1296 331 1358 qua
353 1274 392 1337 ad
415 1273 616 1336 reficiendam
639 1274 805 1336 eeclesiam
834 1273 864 1338 S.
888 1274 1057 1338 Nicodemi
1084 1278 1161 1340 tune
1190 1277 1296 1341 ruino-

150 1400 218 1441 sem
241 1379 404 1440 uterentur
427 1375 534 1456 itaque
556 1375 675 1438 t'aetum
699 1397 767 1438 esse
794 1379 830 1437 ut
852 1375 962 1439 aedem
985 1377 1026 1440 70
1056 1383 1296 1463 exaugurarent,

150 1479 357 1565 dissiparent,
380 1476 623 1558 demolirentur,
646 1477 749 1559 q'uoad
766 1476 878 1567 Graeci
893 1479 1170 1565 renovarent***).
1199 1480 1296 1544 Anno

153 1579 236 1645 1866
266 1601 333 1642 eam
365 1579 430 1642 vidi
464 1580 581 1640 sartam
608 1581 725 1641 tectam
753 1579 974 1663 integramque
1002 1602 1079 1645 esse.
1123 1581 1296 1666 Utriusque

152 1682 239 1745 aedis
263 1681 327 1745 dies
349 1681 572 1744 encaeniorum
595 1682 701 1742 sextus
723 1702 764 1742 m.
781 1680 921 1764 Augusti
944 1705 1012 1746 esse
1035 1683 1173 1767 videtur,
1198 1687 1217 1765 ἡ
1239 1707 1292 1764 με·
1327 1740 1328 1745 ,

150 1787 350 1866 ταμόρφωειε
372 1790 431 1849 τοῦ
456 1785 570 1862 Κυρίου
593 1784 643 1847 καὶ
666 1782 814 1860 (ωτῆροε
837 1784 927 1860 ἡμῶν
951 1785 1049 1863 Ἰηεοῡ
1073 1786 1261 1871 Χριετοῦί).

236 1888 282 1952 ΑΓ
304 1886 438 1951 ΣΩῘΗΡ
462 1885 616 1950 ΚΟΤΑΚΗ
641 1881 823 1946 Sohaubert.

232 1989 254 2052 4
276 1990 325 2065 ἅγ.
350 1989 458 2066 (ωτὴρ
484 1986 606 2065 Κοτὰκη
629 1983 772 2067 Lithogr.
796 1983 1007 2049 Monacensis.

231 2089 274 2154 50
295 2088 440 2173 Lithogr.
464 2087 582 2151 Athen.
604 2125 647 2133 —
668 2085 827 2150 Numerus
849 2087 911 2150 fuit
932 2087 989 2171 50,
1012 2089 1128 2173 legitur
1149 2090 1221 2154 050.

231 2192 348 2255 Forma
380 2190 534 2253 feminina
566 2193 622 2267 τῆ(
650 2189 792 2267 (ωτήραε
826 2211 849 2251 s.
880 2191 1030 2269 εωτείρυε
1060 2192 1181 2271 Κατάκη
1215 2191 1293 2278 (imo

146 2295 284 2378 Κοτάκη)
320 2293 401 2356 falsa
437 2294 493 2354 est.
543 2289 751 2373 Excogitasse
787 2289 911 2353 videtur
938 2291 1166 2376 FourmontuS,
1200 2316 1294 2377 quem

144 2398 272 2460 secutus
302 2395 405 2458 editor
433 2392 585 2475 Corporis
613 2391 712 2455 Insor.
744 2390 802 2454 Gr.
828 2392 862 2455 in
890 2414 921 2455 11.
946 2394 987 2458 80
1013 2417 1044 2477 p.
1071 2396 1147 2479 1193
1175 2420 1206 2459 n.
1230 2396 1293 2461 293

144 2520 176 2581 p.
199 2497 277 2580 4013
307 2518 338 2560 n.
363 2495 426 2559 660
447 2517 477 2577 p.
500 2494 563 2558 503
585 2522 628 2549 τ·-
649 2492 783 2575 Ephem.
813 2515 844 2556 u.
873 2496 951 2558 1711
981 2517 1012 2578 p.
1037 2496 1097 2559 987
1128 2496 1158 2560 S.
1184 2496 1291 2562 Serva-

143 2598 257 2663 trioem
280 2597 413 2661 induxit.
445 2595 584 2658 Omnino
607 2595 702 2657 etiam
719 2596 850 2674 (ωτῆρα
873 2594 989 2659 dieitur
1010 2600 1045 2659 ut
1067 2597 1102 2659 in
1121 2597 1290 2680 Ephemer.

143 2722 176 2764 n.
202 2701 282 2765 1711
306 2722 336 2782 p.
354 2697 430 2762 987:
455 2699 499 2764 εἰ(
521 2699 579 2762 τὸν
601 2699 713 2775 τοῖχον
736 2702 791 2775 τῆ(
814 2698 975 2776 ἐκκληςία(
998 2699 1128 2778 (ωτῆρα
1153 2701 1289 2783 Κοτάκης

144 2801 201 2865 sed
223 2802 250 2864 is
273 2800 433 2885 genitivus
456 2802 519 2881 est,
543 2798 616 2882 quia
638 2798 734 2881 vulgo
758 2796 819 2861 hoo
842 2797 937 2860 modo
961 2798 1122 2862 declinant
1150 2801 1168 2865 ὁ
1192 2807 1289 2880 (ωτή-

145 2925 218 2984 ραε,
245 2909 303 2968 τοῦ
332 2905 475 2981 οωτῆρα,
503 2902 539 2963 ut
566 2898 782 2979 ὁᾶρχονταε,
811 2903 868 2965 τοῦ
898 2899 1048 2979 ἄρχοντα.
1100 2898 1148 2965 Of.
1172 2902 1291 2988 Angeli

143 3002 261 3069 Vlaohi
284 3004 458 3068 Grammat.
481 3024 512 3084 p.
539 3001 585 3066 15.
657 3102 689 3170 N

692 3104 772 3167 .71.
839 3111 843 3118 '

572 3225 640 3300 Ἅγ.
664 3224 861 3301 Ἀνάργυροι.

229 3361 334 3424 Aedes
356 3359 418 3424 fuit
439 3382 538 3443 prope
567 3359 705 3441 compita
727 3357 849 3420 viarum
876 3380 956 3440 quae
983 3360 1190 3424 nominantur
1212 3363 1290 3428 ὁδόε

144 3453 335 3544 Ὑπερείδου
359 3466 390 3525 et
412 3463 489 3528 otor
512 3463 667 3541 (ωτῆροε.

228 3717 252 3784 *)
271 3717 343 3769 Anto
365 3714 498 3784 imposita
520 3730 592 3768 nove
608 3713 722 3767 nomina
743 3713 885 3768 tramitem
907 3731 963 3767 non
984 3714 1067 3784 longe
1090 3717 1228 3770 remotum
1251 3716 1286 3770 ab

143 3800 261 3856 eeclesia
280 3807 311 3855 70
329 3803 398 3856 ὁδὸν
415 3805 467 3853 τοο
487 3801 618 3867 corrippo(
637 3797 731 3852 vocari
749 3797 861 3852 solitum
879 3815 940 3852 esso
959 3798 1095 3854 existimo.
1124 3799 1205 3854 Nune
1223 3816 1289 3868 quo-

143 3902 197 3955 que
219 3885 243 3938 is
265 3890 369 3940 trames
392 3884 433 3938 ita
455 3884 625 3953 appellatur,
649 3884 774 3950 nomine,
796 3885 828 3936 ut
846 3882 956 3952 opinor,
978 3899 1034 3937 non
1057 3884 1215 3954 excogitato
1240 3885 1289 3940 sed

141 3971 261 4026 servato.

209 4057 251 4125 **)
269 4055 384 4126 Ephem.
404 4073 430 4109 n.
450 4060 517 4109 2268
534 4073 562 4123 p.
583 4059 660 4108 1176:
684 4055 723 4109 εἰ(
747 4056 801 4122 τὴν
824 4058 1118 4122 κατακρημνηεθεῑεαν
1141 4057 1288 4126 ἐκκληςίαν

142 4144 276 4209 (ωτῆροε
296 4141 413 4208 Κοτάκη.

195 4226 252 4293 ***)
270 4226 302 4279 In
319 4224 426 4278 schedis
443 4223 569 4293 proxime
588 4223 741 4278 commissis
759 4223 904 4279 Heldricus
923 4224 1080 4290 confirmat,
1099 4226 1198 4282 aedem
1216 4246 1242 4285 n.
1256 4235 1288 4285 70

141 4310 178 4364 ab
196 4309 293 4364 Russis
311 4308 449 4363 desertam
468 4326 561 4362 rursus
578 4307 699 4362 Graecos
716 4308 882 4378 possedisse,
900 4307 1096 4378 amplificasse,
1115 4328 1269 4369 renovasse.

224 4397 252 4462 ί)
270 4394 302 4447 In
320 4393 389 4449 aede
408 4399 440 4448 70
458 4411 521 4448 eum
540 4393 613 4448 diem
630 4393 732 4447 festum
750 4393 797 4461 agi
816 4411 849 4448 eu
867 4393 963 4471 vicinis
981 4395 1111 4466 comperi.
