2880 4868
124 261 128 268 .
206 273 248 335 20
701 274 792 347 Caput
806 276 854 331 III.

291 439 528 524 Lithographus
552 442 682 523 uterque
706 439 828 521 omisit,
851 459 910 500 nee
932 438 1040 520 posuit
1054 439 1082 501 is
1098 439 1152 521 qui
1167 459 1254 501 anno
1273 439 1362 503 1834

206 544 348 607 tabulam
371 541 517 606 confecit.

292 643 410 708 Nescio
445 667 488 707 au
524 642 689 707 ecclesiam
722 642 853 706 Ioamiis
887 642 926 704 10
953 639 1093 704 Pittaees
1128 641 1204 705 Ant.
1234 641 1359 707 Athen.

175 768 180 779 ·
207 770 238 830 p.
263 747 324 810 139
352 745 475 809 dixerit.
520 745 552 807 Is
581 745 601 808 l.
625 745 646 808 l.
681 745 714 808 in
748 745 829 808 arcis
863 743 1021 806 radicibus
1055 741 1189 805 fundum
1218 742 1362 828 Agrauli

209 870 332 911 sacrum
355 847 452 911 fuisse
475 847 600 931 scribit3
624 847 713 910 cuius
735 850 859 931 partem
882 847 1055 907 extremam
1084 843 1208 906 definiri
1238 848 1273 908 et
1295 848 1361 908 ter-

207 950 323 1012 minari
346 949 377 1013 S.
400 949 530 1012 Ioamris
553 948 643 1033 aede3
672 949 756 1011 ultra
785 949 883 1011 fuisse
911 948 1100 1030 prytaneum
1130 945 1170 1008 ad
1198 946 1362 1011 orientem

208 1072 317 1114 versus
340 1051 445 1114 situm.
1305 1058 1310 1064 ”

720 1135 761 1201 Ν.
787 1136 836 1198 11.

666 1246 893 1326 (ταυρομὲνοε.

292 1381 398 1445 Media
418 1381 485 1444 fere
507 1381 569 1444 fuit
589 1381 673 1443 111101
695 1381 844 1444 ecelesias
866 1378 993 1443 Nicolai
1018 1379 1035 1442 1
1060 1382 1092 1441 et
1113 1378 1240 1443 Nicolai
1264 1381 1316 1444 12.

293 1484 598 1548 ΣΤΑΥΡΟΜΕΝΟΣ
621 1481 805 1546 Schauhert.

294 1585 336 1647 64
365 1585 584 1663 (ταυρόμενοε
620 1583 764 1669 Lithogr.
795 1582 1009 1647 Monacensis,
1059 1582 1205 1646 Acceutu
1237 1583 1360 1652 rectius

209 1686 315 1770 posito
340 1685 563 1748 Kohlmannus
586 1685 701 1748 litteris
724 1685 833 1748 latinis
855 1685 979 1748 scribit:
1003 1683 1240 1748 Stavrome'nos.

294 1787 482 1872 5Lithogr.
506 1787 724 1851 Atheniensis.

294 1888 389 1954 Ornoi
412 1891 557 1973 affixum,
580 1890 631 1953 0111
653 1890 763 1953 aedem
786 1889 986 1970 dedicarunt,
1011 1888 1172 1957 Christum
1196 1888 1277 1972 (non
1301 1887 1361 1952 Pe-

208 1992 307 2077 trum)
332 2013 400 2055 esse
424 1994 560 2055 constat.
605 1991 687 2055 Vide
711 2013 778 2074 cap.
803 1990 879 2073 XX,
902 1992 1131 2071 (ταυρομὲνοε.

720 2175 762 2241 Ν.
788 2176 837 2238 12.

656 2287 720 2363 Ἁγ.
743 2288 907 2351 Νικόλαος.

202 2493 210 2503 .
296 2421 363 2486 Sita
385 2422 478 2485 aedes
506 2421 568 2484 fuit
595 2421 679 2483 inter
708 2422 873 2484 ecclesiam
896 2419 1096 2484 Stauromeni
1122 2422 1159 2483 11
1188 2424 1221 2483 61
1242 2420 1363 2484 anca-

210 2547 282 2587 rum
303 2524 459 2607 templum
481 2522 650 2587 Kutschuk
671 2521 779 2606 Djami
801 2524 851 2587 94.

295 2629 341 2692 ΑΓ
365 2625 562 2692 ΝΙΚΟΛΑΟΣ
585 2623 770 2690 Schaubert.

295 2728 509 2812 Lithographi
532 2730 716 2792 omiserunt.

725 2862 765 2927 N.
791 2863 840 2926 13.

687 2982 749 3057 Ἁγ.
771 2982 880 3045 Ἄννα.

297 3115 475 3178 Parietinae
509 3114 595 3178 aedis
628 3114 742 3177 Annae
776 3114 1014 3197 conspiciuntur
1047 3137 1066 3176 a
1097 3114 1222 3196 postico
1251 3114 1362 3198 Hypa-

212 3221 326 3301 pantes
351 3218 390 3280 16
396 3267 405 3299 ,
428 3216 527 3300 paulo'
547 3216 679 3280 inferius
701 3217 780 3279 sitae
802 3217 842 3279 ad
865 3216 1020 3279 orientem
1042 3238 1160 3279 versus.

298 3319 414 3383 Omisit
436 3316 657 3383 Schaubertus

259 3406 263 3418 ’
297 3422 339 3484 66
361 3423 424 3497 Ἁγ.
447 3423 547 3487 Ἄννα
569 3421 713 3506 Lithogr.
739 3421 951 3486 Monacensis.

298 3525 318 3588 6
340 3521 485 3606 Lithogr.
501 3522 619 3586 Athen.
651 3523 719 3586 Aut
739 3545 871 3586 numero
894 3523 914 3585 6
937 3521 1032 3584 61117
1055 3521 1170 3585 Annae
1193 3521 1362 3585 eeclesiam

120 3682 126 3693 .
213 3625 248 3687 in
270 3624 379 3687 tabula
400 3623 598 3709 lithographi
612 3623 819 3686 Atheniensis
843 3623 1016 3708 significari
1032 3622 1278 3686 existimandum
1301 3627 1360 3687 est.

215 3727 300 3791 Situs
324 3725 355 3790 S.
378 3725 492 3788 Annae
515 3725 550 3787 in
571 3725 679 3788 tabula
701 3724 887 3787 Monacensi
916 3725 1064 3787 definitus
1092 3724 1195 3808 magis
1223 3725 1263 3787 ad
1284 3747 1317 3788 n.
1341 3725 1361 3788 6

214 3851 309 3911 quam
336 3827 376 3890 ad
402 3849 434 3890 n.
459 3828 476 3890 7
507 3827 656 3889 convenit
685 3829 717 3889 et
741 3847 891 3888 numems
919 3826 939 3888 6
968 3827 1063 3889 etiam
1092 3826 1129 3891 G.
1153 3826 1360 3889 Kohlmanno

214 3931 375 4013 probatur.
427 3928 576 4011 Sequitur
607 3931 643 3989 ut
675 3926 887 4010 Lithographi
913 3927 1120 3991 Atheniensis
1154 3950 1305 3991 numerus
1341 3929 1359 3992 7

215 4031 367 4114 explicari
388 4033 540 4112 nequeat,
563 4028 648 4111 quod
670 4028 754 4090 idem
777 4027 815 4090 de
836 4050 867 4091 n.
892 4029 933 4093 93
956 4029 1124 4092 dicendum
1147 4029 1243 4114 0611).

220 4154 420 4161 --——-—-—.

282 4218 307 4283 *)
326 4215 416 4279 Quum
434 4215 517 4268 aedes
535 4213 561 4268 S.
575 4215 671 4266 Annae
684 4213 844 4266 monasterii
862 4213 955 4267 nescio
974 4213 1050 4267 euius
1069 4214 1254 4283 appendicula
1266 4214 1361 4282 fuerit,

146 4306 154 4317 “
215 4300 248 4352 cf.
268 4297 445 4367 Ephemerid.
458 4317 485 4366 p.
502 4304 578 4364 1082,
596 4298 626 4351 in
642 4297 799 4366 propinquo
819 4298 874 4350 alia
892 4297 977 4351 etiam
996 4314 1056 4351 esse
1074 4300 1206 4367 poterant
1224 4282 1362 4368 aedificia,
