2872 4876
576 310 634 363 Arx
649 312 677 365 et
691 310 862 380 Areopagus.
1108 381 1112 392 1
1247 303 1289 367 35

230 472 419 553 Anonymus
442 472 650 555 Viennensis,
680 476 752 554 περὶ
780 475 816 537 δέ
838 495 875 551 γε
897 477 955 538 τοῦ
983 477 1066 538 ναοῦ
1094 475 1149 549 τῆς
1176 475 1288 551 θεομή-

143 595 257 658 τορος,
281 577 300 653 ἓ
326 575 362 636 11
387 573 505 656 inquit,
535 575 574 641 ὃν
598 576 806 660 ᾡκοδόμηςαν
831 576 995 640 Ἀπολλὼς
1023 576 1074 639 καὶ
1097 573 1287 658 Εὐλόγιος*)
1341 649 1346 667 ¹

144 677 197 740 ἐπ’
222 676 353 755 ὀνόματι
370 677 524 758 ἀγνώςτιμ
546 684 626 763 θεῷ,
651 677 717 756 ἔχει
740 677 859 741 οὕτως·
882 677 944 741 ἕςτι
958 676 1037 741 ναὸς
1053 677 1289 754 δρομικώτατος

145 777 353 863 (peramplus)
377 780 429 842 καὶ
449 779 636 858 εὐρύχωρος
657 780 701 845 εἰς
724 784 821 858 μῆκος
843 779 927 842 πολὺ
943 777 1216 856 ἐπεκτεινόμενος·
1239 778 1290 841 καὶ

143 881 184 943 τὰ
206 880 292 959 τείχη
314 882 433 945 τούτου
456 881 491 944 ἐκ
516 881 681 961 μαρμάρου
710 880 909 959 πεποιημένα
931 883 1046 945 λευκοῦ
1069 903 1095 944 κ.
1118 902 1143 944 τ.
1167 883 1193 943 λ.
1239 876 1287 940 Cf.

143 979 251 1043 Rossii
273 980 442 1044 Archaeol.
466 981 534 1062 lp.
557 981 636 1065 2533
660 981 810 1044 Labordii
832 981 950 1044 Athen.
973 980 989 1043 I
1012 1003 1042 1063 p.
1058 980 1109 1043 24.
1139 978 1289 1042 Dubitari

143 1104 210 1144 non
232 1086 339 1165 potest
363 1083 440 1164 quin
461 1081 645 1145 Parthenon
673 1083 809 1168 dicatur3
839 1082 1008 1145 manifesta
1031 1084 1079 1144 est
1107 1081 1174 1144 eius
1203 1080 1289 1143 aedis

144 1184 324 1267 descriptio

229 1286 381 1370 Sponins,
405 1309 454 1349 an.
481 1286 577 1368 1678,
607 1285 638 1350 S.
661 1285 806 1370 Virginis
835 1286 1008 1370 imaginem
1037 1285 1155 1367 pictam
1183 1285 1218 1347 in
1240 1306 1288 1348 ca-

143 1411 230 1451 mera
257 1388 469 1451 Parthenonis
503 1388 595 1470 vidit,
625 1387 850 1470 superstitione
877 1387 997 1450 factum
1027 1409 1095 1449 esse
1123 1388 1226 1470 ratus,
1254 1390 1290 1449 ut

143 1491 279 1571 Turcae,
303 1512 399 1572 quum
422 1511 523 1573 gypso
547 1489 732 1552 dealbarent
752 1489 906 1573 parietes,
940 1511 1007 1552 non
1032 1510 1189 1551 cameram
1212 1511 1288 1570 quo-

145 1614 205 1672 que
221 1613 292 1653 cum
306 1590 336 1653 S.
352 1590 485 1674 Virgine
507 1590 695 1654 oblinerent.
728 1590 777 1654 Of.
794 1590 943 1654 Labordii
960 1589 1077 1652 Athen.
1095 1589 1111 1652 I
1131 1613 1162 1671 p.
1179 1590 1200 1654 5
1221 1592 1287 1653 not.

230 1691 369 1754 Zonaras
391 1695 467 1787 tom.
491 1692 540 1754 ΙΙΙ
563 1715 593 1775 p.
619 1692 677 1755 181
708 1692 781 1756 edit.
805 1691 935 1755 Hieron.
959 1690 1071 1754 Wolfii
1093 1691 1203 1754 aedem
1225 1714 1289 1754 ma-

145 1793 203 1854 tris
233 1792 352 1856 Christi
379 1793 624 1857 Atheniensium
658 1796 902 1858 commemorat:
938 1794 1036 1858 αὐτός
1066 1795 1241 1877 (Βαςίλειος
1269 1795 1288 1858 ὁ

146 1896 446 1977 Βουλγαροκτόνος)
474 1896 517 1960 εἰς
540 1897 673 1974 Ἀθήνας
702 1897 850 1980 ἀφίκετο,
878 1897 983 1960 θύςιυν
1010 1903 1048 1980 τῇ
1072 1895 1222 1980 Θεοτόκιμ
1250 1898 1289 1960 τὰ

144 2000 326 2077 χαριςτήρια
358 1996 528 2083 (Balgaros
557 1997 676 2060 vicerat
709 2020 759 2060 an.
792 1998 903 2084 1019),
934 2000 986 2062 καὶ
1018 1996 1213 2076 ἀναθέμενος
1243 2005 1289 2076 τῷ

143 2107 211 2183 ναῷ
241 2101 348 2164 πολλὰ
375 2102 426 2164 καὶ
454 2104 631 2181 πολυτελῆ,
668 2100 877 2166 ἐπανέζευξεν
905 2099 949 2163 εἰς
975 2100 1033 2176 τὴν
1062 2099 1289 2180 ὑπερκειμένην

145 2199 347 2286 (principem)
377 2207 450 2267 τῶν
471 2202 601 2267 πόλεων
625 2199 954 2286 (Constantinopolim
982 2199 1089 2286 rediit)
1118 2203 1169 2266 καὶ
1196 2203 1288 2279 κατή-

143 2320 221 2378 γαγε
262 2304 424 2382 θρίαμβον.
480 2304 601 2366 Eadem
642 2302 707 2366 fere
748 2302 831 2385 apud
866 2302 982 2386 Georg.
1020 2301 1199 2365 Cedrenum
1240 2302 1287 2366 ed.

143 2402 213 2466 Par.
237 2427 267 2484 p.
293 2405 368 2467 717:
391 2407 443 2469 καὶ
465 2405 500 2471 ἑν
516 2407 662 2484 Ἀθήναις
683 2407 859 2484 γενόμενος
880 2406 932 2470 καὶ
953 2405 993 2468 τὰ
1014 2408 1070 2482 τῆς
1092 2405 1179 2483 νίκης
1195 2404 1287 2484 εὐχα-

145 2507 284 2582 ριςτήρια
305 2511 342 2587 τῇ
360 2507 509 2590 Θεοτόκῳ
529 2508 607 2571 δοὺς
630 2509 681 2571 καὶ
704 2507 877 2583 ἀναθήματι
900 2509 1035 2570 πολλοῖς
1059 2509 1216 2584 λαμπροῖς
1239 2509 1290 2571 καὶ

145 2607 332 2668 πολυτελέςι
354 2608 508 2685 κοςμήςας
529 2609 587 2671 τὸν
610 2609 707 2686 ναόν,
735 2609 934 2685 ὑπέςτρεψεν
963 2609 1008 2671 εἰς
1033 2608 1307 2672 Κωνςταντινού-’

145 2710 251 2769 πολιν.
305 2704 541 2768 Parthenonem
574 2707 817 2790 intelligendum
850 2728 919 2768 esse
953 2706 1099 2769 viderunt
1131 2706 1289 2770 Surmeles

146 2806 328 2891 (Κατάςτας.
353 2809 523 2884 ςυνοπτικὴ
553 2813 618 2872 τῶν
641 2809 800 2894 Ἀθηνῶν
813 2829 843 2888 p.
868 2808 910 2870 34
938 2806 1020 2892 not.)
1052 2809 1084 2869 et
1111 2807 1289 2871 Ellissenus

144 2908 254 2993 (Mich.
268 2908 450 2972 Acominat.
473 2907 541 2990 p.5
562 2907 655 2994 not).
688 2907 826 2971 Basilius
848 2908 947 2992 igitur
968 2909 1003 2970 in
1018 2931 1122 2972 arcem
1145 2910 1290 2973 ascendit

211 3165 236 3233 *)
255 3164 423 3231 Labordius,
442 3163 542 3217 Athen.
561 3164 619 3232 l-p.
640 3168 684 3229 31,
703 3163 816 3217 nomina
838 3179 896 3216 esse
920 3179 1017 3216 corum
1034 3165 1128 3232 pltat,
1153 3163 1201 3233 qui
1220 3165 1287 3218 Par-

144 3249 294 3303 thenonem
311 3250 340 3302 in
358 3247 503 3303 ecclesiam
520 3247 703 3313 mutaverint;
722 3246 901 3314 conqueritur
913 3264 1013 3317 operas
1031 3249 1218 3303 mercenariae
1234 3266 1287 3319 pro

145 3333 302 3386 architectis
318 3333 429 3398 haberi,
453 3334 501 3400 qui
523 3332 647 3385 divinum
669 3332 738 3385 illud
760 3332 828 3386 artis
851 3349 920 3400 opus
942 3334 1036 3386 mente
1060 3335 1237 3404 conceperint
1261 3335 1289 3387 et

144 3417 319 3485 perfecerint.
342 3448 375 3456 —
399 3415 428 3469 si
451 3418 611 3471 Parthenon
634 3416 744 3470 sacculo
760 3415 799 3470 VI
823 3415 924 3469 Christi
947 3417 1031 3470 matri
1054 3418 1214 3472 dedicatum
1237 3419 1288 3483 cst,

145 3501 204 3553 eius
223 3501 445 3555 commutationis
463 3503 590 3556 auctores
608 3501 629 3553 ii
646 3501 729 3555 fuisse
749 3500 834 3555 videri
854 3501 971 3566 debent,
990 3499 1037 3569 qui
1056 3503 1122 3555 tunc
1133 3501 1246 3571 ingenio
1260 3507 1289 3554 et

145 3584 272 3638 doctrina
295 3585 469 3640 anthenore
492 3589 521 3640 et
542 3585 670 3656 potentia
693 3586 862 3639 eminebant.
903 3584 987 3639 Sexto
1015 3588 1110 3639 autem
1136 3588 1200 3655 post
1224 3583 1287 3638 Chr.

144 3670 254 3723 sacculo
272 3669 447 3738 patriarchas
463 3670 664 3724 Alexandrinos
684 3669 873 3739 Apollinarem
892 3686 935 3723 an.
955 3675 1003 3723 551
1028 3671 1057 3722 et
1079 3669 1126 3737 qui
1149 3668 1213 3722 huic
1231 3685 1289 3722 suc·

144 3753 227 3807 cessit
245 3754 394 3823 Eulogium
412 3773 456 3808 an.
476 3760 525 3809 580
543 3755 625 3809 fuisse
643 3756 765 3824 reperi03
785 3754 897 3809 Gibbon
916 3771 975 3823 cap.
995 3752 1095 3808 XLVII
1112 3777 1144 3801 =
1163 3756 1230 3806 tom.
1250 3753 1289 3805 IX

143 3858 169 3907 p.
191 3845 240 3893 134
262 3858 301 3907 sq.
325 3839 403 3892 Vers.
428 3838 574 3893 Viennens.
621 3840 676 3893 Sed
701 3858 736 3894 ne
762 3840 816 3893 hac
833 3839 955 3906 quidem
982 3837 1166 3907 explicatione
1194 3852 1288 3891 omnes

143 3924 327 3977 discutiuntur
344 3924 487 3978 tenebrae.
512 3924 627 3977 Manent
644 3924 730 3991 enim,
748 3941 820 3993 quae
837 3923 1012 3994 perabsurda
1031 3926 1060 3975 et
1077 3921 1123 3976 vix
1141 3921 1286 3976 credibiha

143 4008 209 4076 sint;
228 4008 405 4077 patriarchae
423 4009 604 4063 Alexandrini
621 4025 677 4062 non
695 4011 822 4063 auctores
840 4024 1022 4074 suasoresque
1040 4006 1138 4076 templi
1155 4007 1184 4060 in
1203 4008 1287 4061 eccle-

143 4093 212 4146 siam
236 4094 360 4148 couvcrsi
382 4094 550 4147 inducuntur
572 4094 621 4148 sed
648 4094 764 4164 perinde
786 4086 926 4148 habentur
953 4091 1032 4160 quasi
1054 4091 1199 4146 architecti
1232 4093 1287 4147 sint

144 4180 359 4246 (ᾡκοδόμηςαν).
397 4178 469 4243 Quid
493 4180 587 4233 autem
611 4177 776 4232 aedificant?
799 4180 898 4234 aedem
920 4195 986 4232 vero
1011 4177 1062 4230 deo
1086 4177 1287 4233 dedicandam?

144 4260 282 4317 imovero
301 4265 397 4333 ignoto
422 4264 528 4317 numini
552 4264 668 4318 colendo
688 4279 802 4332 operam
827 4265 907 4328 dant,
932 4262 980 4330 qui
1003 4260 1151 4316 Christiani
1173 4266 1237 4317 sunt
1260 4265 1288 4316 et

144 4347 331 4414 patriarchae!
