2872 4876
363 324 388 379 S.
404 318 683 381 Nicodemi'eeolesia
698 328 726 381 ct
741 327 823 381 aedes
840 328 980 397 eregione
996 329 1073 383 sitae.
1242 322 1283 386 75

650 490 692 555 Ν.
716 491 765 555 80.

597 610 825 690 (ταυρομένοε.

224 745 328 810 Aedes
351 747 414 811 fuit
435 747 470 810 in
493 746 640 831 compitis
663 745 785 809 viarum
807 746 975 811 Nicodemi
998 748 1030 811 et
1051 746 1255 830 Thucydidis,

224 849 529 915 ΣΤΑΥΡΟΜΕΝΟΣ
552 848 735 913 Scheubert.

225 948 342 1013 Omisit
363 949 508 1035 Lithogr.
532 950 744 1015 Monacensis,

223 1051 265 1116 59
286 1051 431 1137 Lithogr.
457 1051 675 1117 Atheniensis.

226 1151 275 1218 Of.
298 1175 329 1217 n.
355 1153 389 1217 11
418 1176 449 1238 p.
473 1153 524 1218 20.

653 1272 694 1338 N.
718 1272 769 1336 81.

575 1395 643 1470 Ἅγ.
668 1393 848 1472 Θεόδωρος.

225 1528 277 1592 Ab
301 1549 414 1593 occasu
443 1528 519 1591 solis
546 1529 657 1592 urbem
685 1527 879 1592 intrantibus
908 1528 1017 1592 dextra
1044 1528 1106 1593 fuit
1128 1527 1159 1592 S.
1183 1528 1285 1594 Theo-

140 1630 211 1694 dori
232 1630 374 1695 aedicula
395 1633 526 1714 propter
548 1630 633 1693 viam
654 1629 823 1695 Nicodemi
845 1631 915 1694 sita.

225 1736 271 1799 ΑΓ
294 1733 517 1811 ΘΕΟΔΩΡΟΣ
541 1730 724 1796 Schaubert.

227 1833 344 1898 Omisit
365 1832 509 1919 Lithogr.
532 1833 743 1898 Monacensis.

226 1935 361 2021 Signum
381 1936 490 2020 posuit
510 1935 654 2020 Lithogr.
678 1935 885 2000 Atheniensis
913 1936 1031 1998 omisso
1060 1957 1207 2018 numero,
1232 1936 1287 2017 qui

141 2039 277 2102 fortasse
298 2038 360 2101 fuit
381 2037 432 2102 53.

654 2173 695 2239 N.
719 2173 769 2238 82.

517 2293 714 2361 vigiliarium
731 2294 910 2348 Turcarum.

226 2411 279 2474 Ad
306 2415 432 2495 portam
453 2412 721 2495 Poponistranam
749 2413 877 2498 signum
904 2415 1122 2497 pentagonum
1148 2412 1289 2495 positum

141 2512 239 2577 habet
255 2512 493 2598 Lithographus
508 2513 716 2578 Atheniensis
722 2564 731 2598 ‚
754 2536 887 2578 numero
912 2513 1060 2598 (fortasse
1079 2514 1135 2600 54)
1159 2514 1287 2578 omisso.

142 2615 182 2679 In
205 2615 363 2698 praesidio
386 2616 431 2679 ibi
454 2620 545 2679 erant
571 2619 682 2700 portae
710 2615 872 2699 custodes,
901 2615 976 2678 dum
999 2615 1118 2679 Turcae
1147 2615 1288 2678 domina-

142 2718 223 2781 bant
262 2767 269 2781 .

608 3092 734 3193 Caput
758 3093 826 3167 XI.
931 3163 933 3167 .

284 3294 478 3378 Aedificia
504 3295 611 3379 circa
636 3294 787 3378 turrim
813 3294 1034 3378 Ventorum
1060 3295 1152 3379 sita.

658 3515 699 3581 N.
723 3516 774 3581 83.

563 3635 672 3692 Turris
691 3635 869 3696 Ventorum.

231 3753 358 3818 Turrim
385 3756 568 3837 ventorum,
597 3754 635 3817 al.
658 3753 878 3839 Lithographo
905 3754 1096 3819 Atheniensi
1123 3753 1157 3816 in
1184 3775 1216 3816 n.
1240 3753 1291 3836 81,

145 3879 165 3921 a
192 3856 286 3920 nobis
314 3856 350 3919 in
376 3878 407 3920 n.
431 3857 472 3921 83
500 3856 654 3940 positam,
681 3855 824 3939 plerique
853 3855 1073 3940 significarunt
1100 3855 1153 3938 qui
1181 3854 1292 3918 urbem

146 3959 396 4042 descripsenmt3
431 3980 564 4041 quorum
598 3958 740 4042 singulas
774 3957 885 4021 afferre
918 3957 1167 4042 significationes
1198 3957 1291 4021 huius

146 4061 211 4125 loci
233 4082 299 4124 non
322 4063 379 4124 est.
402 4059 555 4123 —Duae
578 4061 646 4123 viae
669 4059 742 4123 inde
764 4061 896 4123 nomina
917 4059 1050 4123 habent:
1075 4060 1152 4124 ὁδόε
1174 4059 1292 4125 Αἰόλου

147 4164 181 4225 et
202 4162 279 4227 hooc
296 4163 446 4242 Κυρίετου
470 4162 548 4244 (imo
567 4161 772 4247 Κυρρήετου).
804 4161 888 4226 Nam
913 4162 1008 4226 turris
1032 4160 1174 4224 edoctis
1198 4161 1292 4225 modo

147 4264 303 4346 templum
331 4263 426 4328 Aeoli
460 4285 483 4326 a.
514 4265 593 4329 ναὸς
619 4264 737 4329 Αἰόλου
772 4263 869 4347 (Lith.
898 4262 1016 4327 Athen.
1053 4265 1084 4326 et
1118 4262 1292 4348 Calerges),

147 4364 245 4428 modo
268 4367 391 4444 πύργοι
413 4365 618 4446 Ἀνδρονίκου
640 4370 698 4431 τοῦ
724 4366 902 4445 Κυρρήετου
925 4363 1063 4427 vocatur.

1352 4456 1392 4590 Δ
