2880 4868
205 238 246 300 26
703 240 793 310 Caput
808 240 854 293 IV.

203 407 239 469 ‘21
267 409 299 467 et
321 406 372 468 22.
418 404 672 488 Litlrographunr
701 404 746 466 eis
775 403 916 467 numeris
945 403 1076 486 antiqua
1104 401 1260 486 quaedam
1283 401 1359 465 fun-

205 507 354 570 damenta
376 507 573 590 significasse
597 510 752 589 putamus
798 506 846 569 of.
871 506 975 569 11.23.

719 657 760 740 NL
784 677 835 739 23.

484 797 632 871 Παναγία
655 794 838 878 (suaeuis,
860 797 896 856 ut
917 793 1065 878 videtur).

289 930 363 993 Fuit
385 953 481 1014 supra
504 931 634 994 Ioannis
657 929 814 1014 Theologi
837 928 1003 994 ecclesiam
1027 928 1076 991 74.

288 1034 457 1099 ΠΑΝΑΓΙΑ
474 1034 555 1098 ΤΟΥ
572 1033 685 1098 ΣΑΙΤΑ
701 1031 884 1095 Schaubert.
916 1030 1104 1114 Cognomen
1121 1053 1139 1093 a
1153 1028 1357 1094 Schauberto

205 1134 388 1216 appositum
410 1139 468 1200 τοῦ
492 1134 588 1199 (circ
611 1156 719 1196 verum
743 1156 811 1197 esse
833 1136 931 1217 negat
954 1131 991 1194 G.
1015 1131 1253 1215 Kohlmannus3
1284 1154 1356 1196 non

202 1234 300 1299 fuisse
323 1239 441 1314 Ucres
450 1239 499 1301 ίαν
522 1240 581 1300 τοῦ
605 1235 699 1300 (ntro
725 1234 780 1297 sed
803 1234 1049 1298 (torretantinum
1072 1233 1224 1319 Saitae*).
1269 1233 1356 1298 Pan-

204 1337 277 1420 agia
299 1342 405 1401 autern
427 1339 469 1401 23
492 1337 577 1419 qnod
599 1336 748 1399 habuerit
769 1357 950 1420 cognomen
972 1358 1037 1398 non
1061 1336 1161 1398 docet.
1242 1386 1245 1393 .

290 1440 332 1502 26
355 1440 504 1515 Παναγία
525 1444 584 1503 τοῦ
608 1438 702 1503 (ntro
724 1437 868 1521 Lithogr.
892 1437 1103 1500 Monacensis.

294 1540 333 1603 li)
354 1540 499 1623 Lithogr.
523 1538 740 1603 Atheniensis

289 1639 353 1704 Ubi
389 1663 557 1705 numerum
592 1642 633 1704 23
667 1662 727 1703 nos
765 1641 983 1724 scripsimus.
1005 1641 1049 1703 ibi
1091 1640 1157 1704 fere
1194 1638 1354 1722 Stusrtus,

208 1741 318 1826 Antiq.
344 1741 393 1806 ΙΙΙ
415 1747 490 1827 post
510 1766 541 1826 p.
561 1741 625 1829 ΙΙΙ,
648 1742 727 1805 haec
748 1742 859 1806 habet:

558 1847 657 2116 Q
673 1944 814 2029 Pauagic
835 1945 993 2010 Vlastisis

206 2132 293 2206 Quae
316 2133 409 2196 lineis
433 2135 612 2219 designavit
634 2133 765 2215 antiqua
781 2155 848 2196 esse
864 2133 1011 2196 virlentru·
1027 2133 1243 2196 fundamenta.
1282 2133 1353 2198 Mu-

205 2233 281 2294 tatis
304 2234 405 2296 literis
422 2236 608 2317 quibusdam
625 2240 659 2301 in
674 2234 918 2315 commentario,
942 2235 1016 2298 ibid.
1034 2257 1106 2318 pag.
1122 2234 1186 2316 ΙΙΙ,
1209 2235 1354 2320 Panagia

206 2337 338 2396 vocatur
349 2335 491 2399 Vlustice
507 2338 572 2401 sive
584 2339 761 2403 Vlastorea.
785 2337 867 2399 Item
882 2337 916 2399 iu
931 2336 1047 2399 Leakei
1063 2336 1201 2419 Topogr.
1218 2337 1352 2421 legitur:

207 2435 372 2519 Panaghia
382 2437 521 2502 Vlastiki
537 2443 691 2524 templum
706 2438 876 2523 Serapidis,
892 2439 956 2501 tab.
973 2437 1004 2500 l]
1022 2441 1054 2500 et
1067 2462 1097 2521 p.
1109 2438 1172 2501 203
1184 2437 1352 2503 Versionis

206 2536 483 2604 Rieniickerianae.
522 2541 607 2606 Situs
630 2547 735 2606 auteur
758 2543 797 2605 ab
820 2544 953 2622 utroque
976 2539 1176 2623 topographo
1193 2539 1292 2622 idem,
1315 2546 1353 2605 ut

207 2640 316 2723 crede,
340 2632 547 2726 significatur.
592 2645 630 2708 ln
653 2645 770 2709 Leakei
799 2646 830 2707 et
852 2641 972 2705 Baiteri
995 2640 1133 2725 Topogr.
1157 2664 1187 2724 p.
1214 2642 1274 2705 196
1303 2647 1353 2706 est

207 2740 349 2827 Panagr‘a
371 2743 513 2808 Vlastiki
533 2748 598 2811 sive
620 2747 784 2832 Vlastarri3
812 2745 858 2809 ibi
880 2747 1001 2807 mutata
1023 2743 1181 2805 sententia
1207 2766 1274 2806 non
1297 2743 1351 2808 Se-

205 2866 336 2926 rapeum
364 2847 419 2909 sed
447 2847 638 2930 Prytaneurn
666 2850 764 2913 fuisse
792 2848 921 2929 dicitu,
955 2867 1073 2928 magna
1107 2844 1192 2907 enim
1225 2848 1352 2928 reperta

207 2967 275 3007 esse
298 2946 429 3009 alicuius
452 2949 586 3012 aedificii
608 2951 815 3014 fundamenta
838 2970 921 3011 anno
947 2946 1037 3010 1835.
1068 2946 1116 3009 Ea
1131 2945 1349 3031 fruulamenta‚

206 3045 378 3127 parietinas
401 3071 439 3110 ex
462 3072 537 3112 saxo
567 3051 719 3134 quadrato
748 3052 961 3130 constructas
991 3047 1107 3111 vidisse
1135 3047 1214 3110 mihi
1241 3048 1353 3113 videor

208 3169 302 3230 super
318 3149 483 3213 ecclesiam
498 3150 628 3215 Ioannis
644 3151 800 3235 Theologi
817 3151 866 3214 74.
896 3149 984 3233 Ergo
1001 3149 1084 3232 apud
1099 3173 1129 3213 u.
1145 3150 1186 3213 23
1209 3150 1352 3236 Panagr'a
1383 3174 1388 3183 ·

208 3249 351 3312 Vlastiln'
368 3251 494 3337 fuit**),
531 3253 595 3318 Res
617 3258 725 3319 tamen
747 3252 895 3318 nonnihil
918 3251 1126 3315 dubitationis
1147 3251 1254 3335 habet,
1277 3253 1352 3336 quia

278 3436 304 3492 *Ι
322 3435 384 3490 Vox
397 3440 533 3507 Βλαετική
553 3441 712 3494 constater
731 3441 793 3494 octo
811 3439 910 3504 literis3
929 3437 1047 3491 totidem
1058 3436 1157 3491 literae
1175 3437 1238 3490 suut
1254 3437 1283 3490 in
1299 3445 1351 3493 τοῦ

209 3521 303 3575 (utre.
337 3523 454 3577 Accedit
472 3524 547 3591 quod
565 3526 667 3591 quarta
682 3524 765 3579 litera
784 3525 803 3579 C
827 3525 855 3578 et
876 3524 955 3576 sexta
973 3525 978 3576 1
997 3521 1027 3574 in
1048 3523 1167 3589 utreque
1187 3523 1350 3590 cognomine

209 3604 391 3659 consentiunt.
428 3608 502 3662 Fieri
519 3610 605 3678 igitur
622 3609 714 3679 potuit
731 3611 763 3663 ut
781 3608 969 3663 Schaubertus
987 3623 1081 3660 errore
1099 3606 1240 3659 oculorum
1258 3608 1350 3676 magis

209 3707 292 3756 quam
316 3690 415 3745 calami
437 3693 518 3761 lapsu
539 3700 591 3748 τοῦ
611 3696 697 3749 (utre
720 3695 865 3758 scriberet,
889 3710 974 3760 quum
993 3693 1129 3758 Βλαετική
1155 3691 1229 3744 esset
1251 3691 1280 3744 in
1302 3709 1348 3745 ex—

208 3774 299 3842 emplo
318 3775 393 3841 quod
410 3779 578 3842 sequeretur.
615 3777 695 3842 cuod
713 3779 806 3831 autem
819 3777 1005 3831 Schaubcrtus
1022 3776 1199 3846 peccaverat,
1217 3774 1293 3830 idem
1312 3777 1348 3830 ab

207 3857 349 3912 imitatore
366 3859 525 3915 Monacensi
541 3863 688 3931 peccatum
706 3864 755 3916 est.

260 3942 301 4008 **)
320 3942 353 3997 G.
371 3943 560 4000 Kohlrnannus
582 3966 633 4017 per
655 3948 750 4001 literas
772 3947 960 4016 interrogatus
982 3944 1124 4013 rescripsit
1151 3961 1184 3998 cx
1206 3943 1351 3998 hominum

210 4025 344 4080 memoria
360 4044 474 4096 prorsus
492 4032 626 4087 effluxisse
644 4031 798 4100 Panagiam
816 4030 961 4085 Blasticen.
981 4029 1040 4102 ‘Qui
1056 4028 1085 4081 in
1103 4027 1259 4098 propinquo
1278 4047 1351 4084 nunc

211 4108 339 4164 habitant
361 4111 408 4178 (ad
425 4133 451 4168 u.
472 4121 503 4169 21
527 4116 555 4169 ct
578 4124 622 4183 22,
644 4119 676 4170 ut
693 4117 883 4170 Kohlmannus
906 4115 1033 4181 adnotat)
1056 4130 1144 4182 nuper
1167 4113 1278 4167 aliunde
1300 4113 1350 4166 im-

209 4193 374 4261 migrarunt,
411 4198 480 4254 Sunt
497 4200 677 4270 Amorgiotac
701 4204 730 4256 et
746 4201 930 4270 Anaphiotae.
965 4199 1006 4252 Ex
1030 4213 1062 4252 eo
1086 4216 1188 4267 genere
1205 4198 1350 4252 hominum

209 4278 314 4334 frustra
332 4286 428 4351 quaeri
446 4285 506 4353 quis
522 4287 653 4343 miretur?
