2872 4876
349 302 391 356 De
407 301 522 356 aedibus
538 302 624 356 sacris
640 301 861 356 Christianorum
876 302 1098 359 Atheniensium.
1272 301 1293 365 5

147 488 226 551 quae
248 464 309 530 hac
333 467 436 528 aetate
457 464 595 528 Athenis
619 467 693 527 sunt
715 466 770 527 aut
784 465 893 548 paucis
909 465 1026 529 abhinc
1048 467 1140 530 annis
1156 469 1292 554 fuerunt,

146 591 218 632 cum
247 568 386 651 antiquis
415 567 686 650 comparationem
718 588 785 629 non
818 568 948 630 omnino
983 569 1193 651 spernendam
1224 593 1292 634 0000

146 670 333 734 existimem.
379 668 463 734 Nam
493 669 554 731 etsi
583 668 733 732 ecclesiae
760 668 1006 732 Atheniensium
1034 692 1100 732 non
1123 671 1292 735 admodum

144 776 266 836 veteres
290 792 358 834 esse
381 770 588 856 videntur*),
611 770 679 833 fieri
702 773 786 833 certe
808 771 914 854 potuit
935 773 972 833 ut
993 792 1047 834 eae
1070 772 1184 854 quibus
1206 795 1292 836 nunc

146 876 228 938 cives
244 874 446 936 0100101001
463 870 512 934 usi
527 875 601 934 sunt
617 871 727 933 Turcis
744 871 996 955 dominantibus,
1019 894 1077 955 pro
1101 872 1171 936 aliis
1194 874 1291 936 00010-

146 976 201 1039 0110
217 975 319 1056 iisque
335 972 468 1036 vetustis
483 972 759 1055 substituerentur,
774 994 851 1055 quas
867 973 1080 1037 Athenienses
1093 974 1293 1057 antiquarum

144 1076 337 1160 religionum
360 1074 502 1149 nondum
525 1074 617 1137 obliti
639 1074 739 1138 videri
753 1079 888 1158 possunt
904 1076 1095 1139 exstruxisse
1109 1076 1144 1138 in
1165 1077 1292 1158 templis

145 1182 199 1241 aut
220 1177 386 1260 parietinis
409 1177 602 1259 templorum
623 1179 700 1239 tunc
715 1197 775 1239 nec
797 1176 949 1259 dispersis
971 1199 1031 1240 nec
1053 1180 1138 1240 terra
1160 1178 1291 1241 obrutis.

144 1280 255 1362 Itaque
278 1281 344 1342 erat
366 1282 402 1342 ut
423 1278 621 1361 antiquitatis
644 1277 798 1360 quaedam
813 1279 967 1341 memoria
989 1278 1079 1361 quasi
1101 1301 1158 1362 per
1179 1302 1292 1342 manus

143 1382 319 1445 traderetur
335 1383 366 1444 et
381 1379 614 1463 quodammodo
631 1381 816 1442 servaretur.
855 1378 936 1443 Rem
952 1381 1096 1463 exemplo
1113 1380 1290 1463 illustrabo,

145 1483 229 1566 quod
261 1481 511 1545 Atheniensibus
544 1481 673 1564 probari
707 1481 900 1557 0011100010.
945 1480 985 1543 In
1017 1481 1181 1562 radicibus,
1210 1482 1291 1545 arcis

145 1586 229 1646 inter
252 1605 398 1647 0001100111
421 1585 453 1646 01
474 1582 639 1645 meridiem
662 1583 878 1665 spectantibus
908 1582 1000 1645 aedes
1031 1604 1137 1646 sacrae
1162 1585 1236 1645 sunt
1259 1582 1290 1647 S.

145 1685 269 1767 Annae,
292 1683 510 1766 Hypapantes,
533 1683 796 1767 Evangelistriae.
841 1683 892 1746 Ibi
914 1685 1069 1767 templum
1090 1683 1201 1747 matris
1218 1684 1290 1747 deo·

145 1808 216 1848 rum
238 1785 323 1868 quod
345 1784 505 1848 Metroum
526 1785 684 1848 vocabant
699 1785 776 1848 olim
798 1786 896 1848 fuisse
918 1785 1043 1848 videtur
1065 1788 1097 1848 et
1112 1785 1198 1849 aliud
1214 1807 1290 1868 quo-

145 1909 205 1971 que
228 1886 420 1970 aedificium,
443 1885 657 1969 Eleusiniam,
688 1887 775 1949 cuius
804 1887 932 1969 quidem
962 1886 1041 1949 situs
1070 1887 1222 1950 incertior
1245 1891 1292 1950 est

145 2012 239 2072 squam
254 1988 379 2052 Metroi.
424 1987 493 2050 lam
514 1988 565 2050 fac
587 1991 651 2050 tres
674 1988 745 2050 illas
768 1988 917 2052 ecclesias
939 1989 1115 2052 recentiore
1137 1989 1295 2051 memoria

143 2090 322 2154 aedificatas
351 2111 435 2171 esse,
464 2090 499 2152 111
521 2089 631 2152 eadem
662 2092 767 2152 autem
794 2089 882 2152 urbis
910 2092 1000 2172 parte
1028 2091 1159 2172 propter
1187 2110 1291 2152 arcem

143 2193 220 2255 alias
249 2192 347 2254 fuisse
375 2191 563 2254 vetustiores
592 2194 624 2254 et
651 2192 735 2274 ipsas
763 2189 794 2254 S.
824 2190 939 2253 Annae
967 2193 1000 2254 et
1025 2190 1235 2274 Hypapantes
1256 2193 1292 2279 ,01

142 2293 395 2378 Evangelistriae
418 2314 532 2356 sacras.
576 2291 644 2354 Has
667 2292 856 2356 vetustiores
883 2291 965 2355 nihil
993 2293 1099 2356 obstat
1122 2292 1290 2376 quominus

142 2396 182 2457 ad
211 2395 357 2478 antiquas
385 2393 494 2457 matris
524 2393 656 2457 deorum
689 2397 744 2457 001
771 2393 895 2458 Cereris
928 2394 1100 2478 religiones
1129 2394 1290 2477 pertinere

143 2496 293 2578 dicamus,
317 2497 352 2557 ut
374 2495 413 2557 iis
436 2498 587 2578 tanquam
609 2495 675 2558 vita
692 2497 871 2578 ,propagata
893 2517 961 2558 0000
985 2498 1016 2558 01
1037 2495 1206 2577 memoria,
1235 2497 1289 2559 ob-

145 2599 270 2658 scurata
292 2595 420 2676 quidem
442 2595 585 2658 sednon
607 2596 702 2678 plane
725 2596 897 2677 exstincta,
926 2596 966 2659 ad
987 2600 1130 2660 nostram
1154 2600 1290 2661 aetatem

144 2696 326 2779 pervenisse
349 2695 500 2757 videatur.
691 2769 694 2774 Ι

228 2796 390 2861 incertum
413 2797 572 2859 autemid
594 2818 696 2880 genus
718 2794 908 2859 coniiciendi
931 2817 999 2858 esse
1026 2796 1078 2859 vel
1106 2796 1180 2859 inde
1202 2801 1290 2881 patet

143 2900 227 2983 quod
250 2897 439 2963 vetustiores
461 2896 531 2960 illas
555 2896 713 2980 ecclesias,
737 2918 813 2979 quas
837 2896 983 2979 opinioni
999 2897 1166 2961 doctorum
1187 2897 1289 2962 homi-

142 3025 222 3073 num
242 3000 466 3080 concessimus,
489 3020 556 3062 000
578 2990 704 3062 0000101
725 2999 770 3061 110
785 2998 919 3062 refectas
943 3020 1011 3063 esse
1033 3002 1069 3062 ut
1091 3000 1204 3082 quibus
1226 3001 1289 3084 pri-

143 3105 241 3167 stinas
264 3103 356 3166 aedes
380 3101 579 3165 dedicassent
606 3100 629 3163 ii
658 3101 712 3183 qui
735 3100 922 3183 conderent,
946 3101 1059 3164 iisdem
1081 3101 1199 3164 sanctis
1221 3125 1288 3165 mu-

143 3206 271 3268 lieribus
305 3204 498 3267 recentiores
532 3202 622 3266 sedes
662 3202 782 3285 posteri
817 3202 1007 3265 dedicarent.
1058 3202 1128 3266 Hac
1161 3203 1289 3286 quidem

144 3309 245 3368 aetate
267 3305 404 3369 Athenis
427 3327 521 3389 quam
544 3306 767 3367 exstruxerunt
788 3303 994 3386 Metropolim
1016 3303 1169 3367 maiorem
1184 3304 1288 3368 Evan-

144 3406 305 3489 gelistriae
328 3407 540 3508 dedicarunt.s
566 3405 652 3480 Quae
675 3403 767 3467 aedes
790 3406 960 3486 antequam
983 3405 1214 3487 aedificaretur,
1239 3428 1287 3469 ea-

145 3507 217 3570 dem
239 3507 273 3568 in
295 3528 366 3569 area
388 3507 419 3571 S.
442 3507 569 3573 Nicolai
598 3505 730 3569 ecclesia
757 3505 826 3568 fuit.
872 3503 1046 3569 Christiani
1073 3506 1287 3570 Athenienses

143 3609 242 3693 igitur
265 3607 376 3670 eodem
397 3608 431 3670 in
452 3609 523 3672 1000
545 3630 612 3671 0011
634 3607 718 3670 idem
741 3628 865 3690 semper
886 3629 1005 3670 numen
1027 3607 1145 3670 colunt.

227 3709 466 3790 Verumtamen,
488 3712 524 3772 ut
546 3710 647 3772 oratio
670 3708 779 3772 redeat
801 3729 837 3771 00
861 3707 944 3771 unde
966 3708 1111 3791 profecta
1134 3710 1197 3790 est,
1220 3729 1288 3772 non

143 3813 182 3876 ab
211 3811 299 3875 omni
326 3813 416 3893 parte
443 3810 523 3872 falsa
552 3833 619 3874 esse
654 3811 715 3874 ista
741 3809 874 3873 Pittacis
911 3812 943 3872 et
969 3808 1132 3893 Rangabis
1162 3808 1287 3874 videtur

143 3914 288 3978 doctrina
311 3934 370 3976 nec
393 3911 582 3975 detrimento
606 3911 666 3979 erit
687 3910 932 3995 topographiae,
956 3910 1127 3974 dummodo
1149 3911 1286 3993 pruden-

142 4021 192 4079 ter
221 4018 253 4078 et
280 4015 435 4098 pudenter
463 4012 556 4075 rebus
585 4013 770 4087 adhibeatur
803 4014 897 4096 atque
931 4012 1038 4076 omnia
1071 4033 1109 4075 ex
1138 4013 1286 4078 omnibus

215 4254 239 4319 ²¹²)
259 4250 396 4304 Surmeles
418 4249 567 4302 Κατάεταε.
592 4250 719 4317 Ἀθηνῶν
736 4268 763 4319 p.
783 4255 889 4316 2100,
909 4247 935 4300 S.
955 4248 1100 4303 Nicodemi
1118 4249 1217 4304 aedem
1236 4268 1279 4304 ex·

148 4334 221 4403 cipit.
259 4335 371 4390 Ceteras
390 4332 544 4389 recentiore
561 4335 690 4402 tempore
709 4333 869 4388 aedificatas
889 4349 947 4387 0000
966 4332 1115 4388 existimat.

1343 4318 1402 4568 1
