2872 4876
141 271 162 334 4
650 275 741 347 Caput
756 276 776 330 Ι.

226 438 381 502 Ecclesiis
397 437 640 502 Atheniensium
663 443 699 502 ut
720 460 903 503 censeamus
924 437 1072 503 nonnihil
1087 441 1314 509 tribuendum

142 562 226 624 esse,
257 539 318 603 hoc
341 561 466 623 quoque
488 540 625 623 accedit,
654 539 754 624 quod,
779 563 874 623 quunr
898 541 995 604 saeris
1018 539 1225 607 Christianis
1252 546 1314 610 im-

137 643 294 734 bueretur
316 641 465 723 Graecia,
487 642 607 706 factum
630 664 699 706 esse
721 641 859 726 ridetur,
882 646 916 705 ut
939 643 1040 705 saneti
1065 643 1113 706 illi
1138 644 1313 730 homiues,

143 766 223 828 quos
243 743 341 807 'hodie
365 745 458 807 etiam
482 748 687 827 venerantur,
717 745 919 827 antiquonrm
947 744 1078 807 deornm
1109 749 1313 813 muninibus

142 846 233 930 quasi
256 845 899 930 succederentveterumquetemplorum
923 868 987 909 non
1010 847 1149 928 quilibet
1172 872 1314 932 posses·

141 970 230 1013 sores
252 949 366 1012 fierent
388 947 444 1011 sed
466 949 489 1010 ii
511 949 565 1032 qui
581 947 821 1012 similitudinem
837 948 993 1030 quandam
1017 952 1050 1011 et
1065 952 1314 1033 cognationem

142 1073 214 1115 cnm
236 1051 268 1113 vi
290 1054 322 1113 et
344 1053 502 1133 potestate
531 1051 734 1133 antiquorum
758 1050 887 1112 deorum
918 1049 1081 1113 haberent.
1128 1050 1314 1138 Exemplis

141 1152 168 1215 si
189 1173 256 1215 non
278 1152 387 1214 multis
410 1155 443 1214 at
465 1152 559 1215 certis
582 1174 619 1215 ea
639 1174 689 1215 res
714 1152 926 1215 confirmatur.
970 1151 1123 1236 Panagia,
1150 1155 1255 1239 virgo
1282 1162 1315 1221 et

139 1256 257 1337 mater,
287 1275 384 1336 quum
407 1253 520 1315 similis
543 1275 611 1316 esse
634 1253 811 1336 Minervae,
838 1252 869 1319 S.
894 1253 1061 1336 Georgius,
1085 1254 1141 1336 qui
1168 1278 1312 1342 serpen-

141 1358 207 1418 tem
223 1355 377 1418 occidisse
392 1355 501 1436 fertur,
525 1353 649 1418 Theseo
664 1378 722 1438 par
737 1355 905 1437 videretur,
928 1353 1171 1420 Parthenonem
1189 1360 1312 1424 aedem

142 1457 319 1540 Ponagiae,
342 1455 500 1519 Theseius
524 1454 554 1519 S.
580 1455 710 1541 Georgii
733 1480 801 1521 esse
823 1458 992 1522 voluenmt
1014 1447 1209 1524 Christiani.

227 1556 348 1620 Deletis
371 1560 478 1620 autem
500 1557 638 1639 antiquis
654 1560 781 1643 templis
796 1560 847 1622 vel
863 1559 1014 1622 altaribus
1031 1559 1212 1644 quaeritur,
1240 1587 1311 1629 me·

142 1680 290 1723 moresne
311 1659 520 1743 pristinarum
536 1659 728 1743 religionum
743 1682 868 1745 semper
883 1664 937 1724 aut
958 1681 1051 1742 saepe
1067 1660 1195 1725 fuerint
1211 1663 1312 1730 Chri-

142 1761 253 1844 stiani,
284 1783 381 1845 quum
410 1762 444 1825 in
473 1761 605 1825 desertis
634 1763 714 1825 areis
739 1784 838 1825 novas
861 1762 953 1826 aedes
976 1761 1153 1825 conderent
1178 1787 1311 1851 suoque

144 1865 203 1928 deo
228 1862 421 1928 dedicarent.
466 1865 515 1927 Ac
536 1863 675 1926 Pittaces
698 1863 825 1946 quidem
844 1864 944 1926 etalii
960 1863 1013 1946 qui
1036 1862 1310 1952 arehaeologiam

141 1988 227 2030 mmo
249 1967 441 2049 profitentur
455 1965 603 2048 Athenis
626 1969 747 2049 negant
762 1987 834 2029 cum
856 1964 1053 2048 antiquitatis
1076 1974 1310 2035 monumentis

142 2067 236 2130 simul
266 2069 396 2131 interire
431 2089 555 2150 semper
591 2067 791 2147 memoriam,
825 2070 862 2130 ut
893 2089 994 2150 nuper
1020 2064 1242 2159 Rangabes*)
1276 2075 1308 2139 S,

144 2169 330 2251 Apostolos,
353 2189 488 2251 quorum
510 2167 605 2230 hodie
637 2171 686 2230 est
714 2167 846 2231 ecclesia
868 2168 907 2231 ad
930 2168 1166 2252 septentriones
1193 2178 1231 2238 et
1254 2198 1310 2241 oc-

145 2291 254 2332 casum
275 2290 386 2332 versus
410 2268 471 2331 sita
492 2269 532 2331 ab
555 2290 635 2351 arce,
659 2269 847 2332 successisse
870 2269 930 2332 diis
946 2269 1111 2332 duodecim
1128 2279 1310 2342 contendit

146 2392 297 2454 aramque
319 2391 429 2434 eorum
451 2370 496 2433 ibi
518 2370 616 2434 hrisse
637 2370 721 2453 vult,
752 2370 807 2433 ubi
830 2372 963 2434 ecclesia
984 2372 1040 2434 illa
1063 2369 1094 2434 S.
1118 2373 1307 2461 Apostolo-

143 2495 214 2535 rum
242 2494 328 2536 nunc
356 2472 521 2555 reperitur.
565 2471 687 2536 Eadem
715 2473 777 2535 fuit
799 2472 931 2536 Pittacis
954 2472 1072 2556 opinio
1118 2473 1233 2544 Simili
1257 2505 1307 2546 ra-

142 2575 231 2639 tione
247 2574 277 2639 S.
294 2574 465 2639 Nicolaum
488 2572 578 2658 quasi
599 2573 748 2637 heredem
763 2573 915 2657 Neptuno
931 2575 1051 2637 factum
1073 2596 1143 2638 csse
1161 2583 1307 2649 credunt

142 2678 266 2761 aliaque
288 2700 354 2741 non
375 2700 477 2763 pauca
491 2680 582 2740 acute
598 2679 630 2740 et
652 2676 811 2740 subtiliter
826 2675 995 2740 disserunt.
1040 2674 1141 2740 Istam
1165 2685 1306 2763 quidem

142 2781 271 2845 dubiam
294 2784 326 2844 et
347 2781 502 2845 incertam
518 2802 586 2844 esse
608 2779 765 2842 rationem
781 2777 850 2861 quis
865 2799 932 2841 non
947 2775 1054 2840 videt?
1076 2799 1153 2842 nam
1177 2785 1208 2847 si
1226 2790 1307 2871 quid

143 2882 265 2945 deletur
282 2885 325 2958 et
352 2883 477 2945 tollitur
504 2903 563 2944 nec
591 2881 737 2944 manibus
765 2881 829 2943 iam
856 2880 947 2964 tangi
979 2882 1034 2942 aut
1061 2880 1163 2944 oculis
1193 2889 1305 2955 videri

144 2985 261 3064 potest,
284 2982 439 3044 memoria
461 3002 586 3064 quoque
609 2984 799 3064 augescente
822 2981 982 3044 oblivione
1011 2981 1233 3065 exstinguitur
1259 2997 1306 3056 aa

145 3103 279 3164 queres
302 3103 382 3165 quae
405 3103 474 3145 esse
497 3080 626 3145 desierit
647 3103 714 3145 non
736 3083 839 3145 solum
860 3083 953 3145 multi
981 3082 1120 3145 nominis
1149 3107 1225 3152 esse
1251 3094 1307 3158 de.

144 3183 229 3246 sinet
252 3183 308 3247 sed
330 3184 425 3267 paulo
448 3185 523 3266 post
544 3183 613 3246 sine
635 3183 765 3246 nomine
789 3184 862 3268 erit3
891 3206 1010 3248 nomen
1032 3185 1117 3247 enim
1139 3189 1306 3274 tanquam

144 3285 256 3348 umbra
279 3285 421 3369 sequitur
442 3307 548 3349 rerum
571 3285 739 3349 veritatem
759 3324 802 3332 -
823 3286 886 3349 nisi
909 3287 992 3350 forte
1014 3292 1126 3370 poetae
1149 3293 1203 3355 vel
1229 3318 1305 3361 ora-

144 3389 230 3450 tores
253 3388 394 3450 existunt
416 3388 455 3450 ab
478 3387 638 3450 oblivione
660 3387 857 3451 vindicantes
873 3409 982 3451 eorum
1003 3411 1081 3472 quae
1102 3391 1306 3464 interierunt

145 3488 356 3572 splendorem.
394 3488 463 3553 Illis
479 3493 584 3552 autem
599 3489 796 3571 temporibus
812 3490 925 3573 quibus
940 3490 1153 3555 Athenienses
1171 3493 1304 3566 Christi

144 3588 322 3653 doctrinam
344 3591 625 3673 amplectebantur,
648 3590 830 3674 defueram,
860 3591 914 3674 qui
942 3596 1074 3675 possent
1096 3598 1150 3657 aut
1172 3600 1305 3667 vellent

144 3691 268 3754 efficere
290 3694 327 3753 ut
347 3691 492 3755 homines
514 3713 581 3755 non
608 3692 703 3775 plane
730 3692 985 3757 obmutescerent
1013 3694 1051 3757 de
1080 3696 1222 3779 antiquis
1248 3726 1302 3768 re-

144 3791 328 3876 ligionibus.
1107 3858 1110 3864 .

228 3895 382 3958 Attamen
408 3914 505 3976 quum
532 3884 703 3959 auctoritas
731 3894 912 3980 Rangabis,
941 3897 1002 3962 viri
1024 3899 1155 3982 ingenio
1179 3906 1213 3965 et
1237 3906 1299 3971 d0-

145 3994 247 4058 ctrina
275 3994 472 4078 excellentis,
508 3999 576 4060 tum
601 4017 651 4059 res
685 3997 756 4080 ipsa
787 3997 864 4062 facit
895 4003 931 4062 ut
960 4000 1085 4064 aedium
1119 4024 1297 4095 sacrarum,

681 4172 699 4198 Ο

212 4229 240 4296 *)
257 4229 354 4283 Nuove
371 4230 504 4286 Memoris
523 4232 590 4287 dell'
606 4233 737 4288 Instituto
753 4251 779 4304 p.
799 4241 860 4303 3483
884 4235 958 4304 quod
980 4236 1110 4292 volumen
1129 4254 1202 4294 anno
1224 4250 1296 4303 1865

144 4313 251 4368 editum
268 4315 317 4366 est.
355 4313 393 4369 Cf.
412 4316 443 4369 Ε.
464 4315 550 4370 Curtii
568 4315 688 4372 Studior.
707 4319 823 4374 Atticor.
841 4319 940 4389 partic.
959 4321 986 4374 11
1002 4339 1029 4390 p.
1049 4329 1090 4376 28.
