2872 4876
598 300 688 368 Regio
703 298 826 353 Theatri.

651 477 684 543 N
686 528 693 541 .
716 477 768 541 28.

300 602 449 679 Παναγία
473 599 787 680 Χρυεοεπηλιώτιεεα
810 595 876 659 sive
900 597 1121 675 (πηλιώτιαα.

224 738 378 801 Aedicula
401 758 495 819 supra
517 734 676 797 theatrum
699 733 761 795 sita
781 753 867 794 nunc
890 753 1043 816 perquam
1070 733 1201 794 ruinosa
1230 734 1286 794 est.

226 838 589 905 ΧΡΥΣΟΣΠΙΛΙΩῙΙΣΑ
612 833 796 898 Schaubert.

227 940 266 1002 16
291 941 580 1019 Χρυεοεπιλιώτιεα
602 934 746 1019 Lithogr.
770 935 982 998 Monacensis,

224 1041 267 1105 25
294 1040 438 1123 Lithogr.
467 1037 684 1120 Atheniensis.
733 1035 894 1101 Numerus
929 1037 1013 1099 lectu
1047 1036 1186 1100 difficilis
1220 1058 1289 1104 non

140 1142 322 1224 dubitamus
347 1141 425 1226 quin
446 1141 488 1205 25
510 1139 615 1203 fuerit.
858 1211 861 1216 Ι

225 1243 369 1306 Abiectis
404 1243 516 1325 primis
551 1240 681 1323 syllabis
714 1238 857 1323 Panagia
890 1237 1071 1322 Spiliotissa
1105 1242 1237 1303 vocatur
1271 1262 1289 1302 a

142 1345 262 1427 Sponio
288 1343 385 1429 (apud
413 1343 623 1424 Labordium,
652 1341 771 1405 Athen.
794 1340 827 1403 Π
855 1363 886 1423 p.
909 1341 981 1426 24),
1011 1341 1139 1404 Stuarto
1164 1340 1288 1426 (Antiq.

141 1445 191 1508 Ill
213 1448 288 1527 post
309 1468 339 1528 p.
363 1444 424 1530 Vl)
448 1445 528 1507 aliis.
573 1442 702 1507 Nomen
724 1443 854 1506 ductum
882 1446 931 1505 est
958 1465 977 1504 a
1000 1443 1113 1521 (πηλιά
1137 1441 1288 1527 (specus),

141 1550 178 1608 ut
201 1547 517 1625 Xpucocnnlubncco
539 1547 572 1606 et
594 1545 808 1623 (πηλιώτιεεα
830 1543 1031 1607 scribendum
1053 1543 1103 1606 sit.

227 1646 367 1710 Nomine
389 1668 456 1709 non
478 1645 637 1728 adscripto
661 1645 821 1708 aediculae
850 1645 988 1728 speciem
1018 1647 1050 1707 et
1076 1644 1213 1707 formam
1237 1666 1287 1707 ex-

143 1748 300 1831 pressisse
328 1747 453 1810 videtur
475 1746 624 1811 Verneda
651 1747 793 1809 centurio
816 1746 974 1830 Venetus,
1003 1746 1087 1828 apud
1113 1745 1290 1809 Fanellium

142 1852 219 1933 post
239 1872 270 1932 p.
294 1849 365 1912 308.
411 1847 497 1923 Quae
519 1847 626 1931 paullo
653 1847 785 1911 inferius
809 1847 1004 1930 conspicitur
1027 1868 1099 1910 oasa
1122 1846 1152 1912 S
1176 1848 1290 1911 Annae

141 1951 185 2015 29
207 1973 275 2014 esse
299 1950 509 2014 existimanda
531 1953 588 2013 est.

229 2052 394 2116 Encaenia
416 2053 545 2114 fuerunt
568 2051 597 2114 d.
615 2051 655 2115 15
676 2073 718 2115 m.
734 2051 890 2136 Augusti,
914 2071 976 2133 quo
1000 2050 1050 2113 die
1064 2055 1208 2114 mortuae
1223 2051 1289 2114 Ma-

142 2155 208 2217 riae
230 2155 264 2218 in
287 2155 411 2218 coelum
434 2154 578 2217 ascensio
600 2153 753 2240 agitur*).
790 2152 829 2216 In
852 2174 962 2236 specu,
986 2152 1190 2215 exaedificato
1214 2153 1290 2215 olim

143 2260 175 2319 et
199 2259 352 2319 exornato
376 2259 471 2339 atque
493 2255 528 2317 in
550 2255 661 2318 aedem
683 2277 805 2319 sacram
821 2275 974 2318 converso
981 2303 990 2336 ,
1014 2254 1110 2317 etiam
1131 2275 1216 2317 nunc
1239 2277 1290 2317 ex-

144 2362 208 2421 stat
229 2359 337 2421 tabula
359 2359 446 2441 picta
467 2357 656 2441 propinquis
679 2358 798 2421 circum
821 2378 934 2440 corpus
956 2360 1100 2420 mortuae
1122 2357 1289 2420 stantibus.

143 2460 287 2522 Lucerna
309 2480 434 2542 quoqne
457 2459 587 2521 accendi
610 2459 705 2541 solet,
729 2480 824 2541 quam
846 2459 1010 2521 ardentem
1032 2462 1065 2522 et
1085 2459 1289 2523 mulierculas

146 2559 298 2640 quasdam
320 2581 439 2621 numen
461 2559 630 2622 adorantes
652 2559 698 2621 ibi
719 2559 785 2622 vidi
799 2581 891 2621 anno
916 2560 1007 2623 1866.

232 2659 339 2733 Qualis
368 2659 410 2721 sit
436 2680 562 2741 specus,
591 2660 730 2723 Pittaees
757 2660 835 2722 Ant.
858 2658 976 2722 Athen.
1004 2682 1035 2742 p.
1058 2660 1122 2724 214
1150 2663 1288 2743 exponit.

146 2761 185 2823 ln
212 2782 367 2823 novarum
388 2759 591 2842 Ephemerid.
614 2761 679 2824 tab.
701 2761 743 2822 42
771 2760 916 2822 sollerter
944 2760 1163 2823 adumbratam
1191 2760 1290 2824 habes

145 2863 185 2925 ab
208 2861 341 2945 Zillero,
366 2861 629 2924 commentarium
651 2861 773 2924 addidit
792 2860 990 2944 Rusopulus,
1013 2862 1055 2925 ib.
1078 2884 1109 2945 p.
1132 2863 1211 2946 294,
1235 2864 1289 2946 qui

147 2986 277 3047 specum
299 2964 461 3049 Panagiae
483 2962 517 3025 in
539 2962 753 3026 monumentis
775 2962 948 3048 Pelasgicis
970 2967 1125 3027 numerat.

230 3064 369 3128 Pittaces
397 3069 514 3128 matres
543 3064 756 3129 Athenienses
790 3065 867 3128 olim
901 3065 941 3128 ad
967 3066 1143 3150 Panagiam
1171 3065 1291 3150 Spelio-

146 3168 257 3230 tissam
279 3171 389 3230 narrat
410 3167 627 3250 adscendisse,
650 3170 687 3229 ut
708 3167 847 3230 infantes
870 3189 943 3249 suos
965 3168 1078 3231 morbo
1101 3190 1214 3253 aegros
1242 3173 1290 3232 tu-

146 3270 228 3331 telae
251 3269 317 3331 eius
341 3269 615 3352 commendarent3
638 3268 814 3351 antiquitus
837 3270 943 3332 autem
960 3271 1198 3334 commendasse
1213 3270 1289 3333 Dia-

147 3392 206 3431 nae
229 3369 422 3453 Dictynnae,
446 3371 534 3434 cuius
557 3371 591 3433 in
606 3391 702 3453 specu
724 3370 822 3433 fuisse
845 3371 1009 3461 sacellum..
1050 3372 1229 3459 Titulus**)
1253 3394 1292 3435 ex

146 3675 174 3725 p.
195 3662 252 3710 226.
282 3657 314 3708 In
332 3656 421 3710 altera
439 3657 560 3712 editione
578 3657 703 3712 Leakeus
720 3657 859 3727 porticum
876 3658 994 3713 Herodis
1013 3661 1103 3716 vocat.
1130 3657 1291 3714 01111111

148 3746 177 3795 et
194 3742 300 3795 Baiteri
318 3741 441 3811 Topogr.
460 3761 487 3811 p.
508 3749 566 3797 211.

228 3827 253 3895 *l
272 3827 351 3879 idem
369 3827 427 3879 dies
445 3844 481 3880 m.
495 3827 614 3896 Augusti
632 3828 789 3882 celebratur
806 3828 835 3880 in
853 3829 1024 3882 monasterio
1038 3827 1158 3894 Cretico,
1179 3825 1223 3881 cui
1240 3844 1289 3883 110Α
1321 3865 1322 3868 =

146 3929 210 3965 men
229 3913 512 3981 111(πηλαιώτιεεα;
532 3904 689 3966 Churmusis
708 3912 878 3967 Creticorum
896 3933 923 3984 p.
944 3921 982 3968 15.

216 3999 255 4065 **)
275 3997 421 4066 Ephemer.
441 4014 468 4050 n.
487 4001 554 4050 3646
571 4015 598 4066 p.
620 4003 692 4052 1882.
729 3998 866 4068 Inscripta
883 3999 953 4052 haee
970 3999 1112 4067 leguntur:
1143 3996 1290 4070 [Τιμ]οθεά

149 4084 258 4147 Ἁγνίου
283 4083 411 4149 Ἐρχιέως
437 4085 509 4148 γυνὴ
534 4082 537 4149 1
563 4083 683 4136 παιδίων
707 4085 842 4151 Ἀρτέμιδι
869 4085 1018 4139 Δικτύννει
1044 4084 1196 4153 ἀνέθηκεν,
1224 4085 1241 4138 i.
1265 4104 1288 4140 e.

148 4167 295 4221 Timothea
316 4167 420 4235 Hagnii
441 4165 602 4237 Erchiensie
623 4183 692 4221 uxor
718 4171 835 4238 propter
861 4169 981 4221 infantes
1007 4166 1113 4223 Dianae
1135 4168 1290 4238 Dictynnae

149 4250 287 4306 dedicavit
304 4255 375 4316 (rem
394 4253 547 4319 quandam,
567 4269 638 4319 quae
656 4253 685 4306 in
701 4253 763 4307 basi
779 4253 873 4322 posita
895 4255 975 4319 erat).
1013 4252 1093 4317 Quod
1109 4254 1231 4310 Pittaces
1255 4257 1291 4309 ad

149 4351 261 4402 specum
278 4337 414 4406 deamque
434 4354 505 4404 qnae
524 4336 564 4389 ibi
582 4336 753 4392 habitaverit
770 4337 924 4405 quondam,
942 4337 1083 4405 pertinere
1101 4355 1135 4393 ea
1153 4340 1290 4410 opinatur,
