2872 4876
567 300 736 370 Apparatus.
1026 288 1030 292 ”
1203 294 1223 357 9

474 482 503 536 4.
540 482 580 536 M.
599 480 712 536 1991191
731 480 824 536 liber.

165 620 209 685 M.
226 620 344 702 Lcahe,
368 618 585 703 Topography
607 619 644 681 of
662 618 796 681 Athens
830 618 964 681 Londorr
985 615 1223 682 MooooXXl.

79 723 205 808 Viginti
234 725 308 806 post
345 743 454 786 annos.
490 743 539 784 an.
574 721 668 803 1841,
701 718 818 783 Lealrei
848 719 1074 803 Topograplria
1110 720 1225 783 iterum

82 827 167 890 edita
202 828 258 888 cst.
313 823 491 907 Philologis
521 821 708 886 Germaniae
742 824 855 884 neutra
888 821 1025 884 editione
1055 843 1133 904 opus
1168 825 1225 905 est,

81 927 165 1011 quod
203 926 408 988 translatam·
424 928 590 1007 utramque
623 924 789 987 ediderunt
826 923 1033 986 emendarrmt
1072 926 1227 986 auxerunt

80 1028 184 1091 nostri
206 1006 628 1111 99911191991119111191191119,
651 1024 797 1088 Baiterus
820 1027 852 1087 et
874 1022 1040 1108 Sauppius.
1084 1024 1226 1088 Iudicem

80 1132 134 1197 1119
165 1129 332 1212 imposuit:
366 1127 495 1190 Leake’s
530 1126 754 1212 Topographie
785 1148 849 1189 von
881 1127 998 1190 Athen.
1054 1127 1121 1189 Aus
1155 1127 1227 1190 dem

51 1210 281 1316 'Englischen
309 1230 470 1292 ilbersetzt
503 1230 569 1293 und
601 1230 661 1291 mit
688 1228 940 1312 Anmerlrungen
967 1250 1031 1290 von
1058 1227 1101 1291 M.
1125 1228 1165 1292 H.
1189 1229 1226 1291 E.

82 1334 183 1396 119191
210 1333 276 1395 und
304 1331 343 1394 K.
374 1331 410 1395 O.
440 1330 557 1393 Miiller
588 1330 849 1414 herausgegeben
881 1352 945 1392 von
972 1331 1011 1392 A.
1040 1329 1226 1394 1119919191.
1343 1352 1348 1363 ·

83 1435 177 1498 Η9119
202 1435 293 1498 1829.
328 1433 368 1496 ln
390 1434 498 1496 tabula
519 1432 552 1495 11
575 1432 696 1514 aliquot
718 1432 921 1495 ecclesiarum
942 1431 1074 1495 nomina
1097 1433 1171 1494 sunt
1193 1436 1229 1495 ut

83 1536 249 1619 Panaghia
269 1535 417 1599 Vlastilri.¹
461 1533 557 1598 Nunc
586 1557 622 1597 ea
650 1533 726 1596 aede
755 1532 858 1596 deleta
886 1535 917 1596 et
946 1556 1054 1597 eversa
1081 1533 1227 1597 homines

84 1638 138 1719 qui
160 1637 205 1698 ibi
226 1636 373 1699 habitant
394 1658 434 1698 nc
456 1636 595 1698 nominis
619 1636 745 1718 quidem
773 1656 929 1698 memores
958 1639 1040 1699 sunt.
1085 1635 1228 1699 Leakeus

85 1741 189 1800 autern
213 1758 249 1799 eo
272 1740 416 1819 ternpore
439 1758 567 1820 operam
590 1737 685 1800 dabat
705 1736 935 1821 topographiac
958 1759 1019 1820 quo
1042 1737 1228 1800 1911911911-

85 1839 159 1901 dum
182 1837 329 1921 suscepto
354 1842 385 1902 et
406 1838 566 1922 Panagiae
589 1839 674 1901 illius
703 1841 735 1902 et
757 1840 837 1902 aliae
865 1839 957 1902 aedes
979 1840 1155 1922 permultae
1183 1839 1229 1901 in-

86 1942 226 2004 columes
250 1943 353 2023 erant,
378 1963 457 2024 quae
478 1942 585 2004 nullae
606 1963 692 2003 nune
715 1943 747 2002 et
767 1941 884 2024 partim
906 1941 940 2004 in
962 1941 1155 2004 oblivionem
1178 1941 1229 2002 ad-

86 2044 198 2106 ductae
221 2045 304 2106 sunt.
343 2043 453 2106 Altera
476 2043 573 2106 editio
597 2065 615 2105 a
635 2042 858 2106 Turicensibus
882 2064 1032 2106 conversa
1054 2043 1099 2106 ita
1120 2042 1230 2104 inseri-

85 2145 185 2209 bitru·:
214 2144 445 2229 ¹Topographie
476 2144 601 2208 Athens
634 2167 698 2208 von
725 2143 778 2208 W.
807 2144 927 2208 Martia
955 2144 1068 2208 Leake.
1113 2144 1231 2207 Zweite

84 2247 244 2330 Ausgabe.
279 2246 468 2310 Uebersetzt
489 2268 552 2309 von
574 2246 599 2310 I.
617 2246 654 2310 G.
671 2246 780 2310 Baiter
801 2247 867 2310 und
889 2246 930 2310 H.
947 2245 1081 2330 Sauppe.
1116 2245 1231 2309 Ztirich

87 2348 177 2411 1844.
223 2347 309 2424 Quae
331 2349 366 2411 in
387 2348 502 2431 prioris
526 2348 674 2411 editionis
697 2343 805 2411 1911119
827 2349 860 2411 ll
882 2349 1014 2412 nomina
1036 2350 1111 2412 sunt
1134 2347 1231 2411 eccle-

86 2449 204 2512 siarum
225 2471 293 2513 non
315 2451 422 2514 omnia
443 2451 477 2514 in
500 2451 599 2513 altera
620 2450 828 2532 reperiuntur.

438 2669 468 2722 5.
502 2670 537 2722 11.
557 2668 741 2746 Schouberti
759 2669 876 2723 tabula.

173 2802 295 2867 Tabula
327 2802 387 2867 Ed.
417 2802 603 2868 Schauberti
634 2808 666 2869 et
691 2804 873 2886 Cleanthis,
902 2827 920 2866 a
947 2805 1056 2867 multis
1090 2804 1235 2887 inspecta

88 2928 189 2988 neque
211 2927 285 2968 vero
308 2927 370 2988 qua
398 2909 446 2968 est
467 2907 688 2990 magnitudine
715 2907 749 2968 in
778 2907 879 2969 lucem
909 2906 993 2969 edita
1020 2929 1039 2968 9
1066 2928 1233 2990 quoquam,

87 3009 212 3090 publice
235 3010 413 3092 asservatur
435 3007 572 3071 Athenis
601 3009 634 3071 in
662 3008 817 3071 tabulario
846 3030 952 3071 rerum
981 3008 1233 3074 domesticarum.

88 3110 166 3172 Post
195 3130 361 3172 excussum
388 3108 562 3172 Turcarum
596 3111 705 3193 iugum
737 3132 833 3192 quum
866 3110 920 3174 vix
953 3132 1016 3172 una
1050 3110 1162 3174 domus
1196 3113 1235 3175 ab

88 3210 233 3273 hostibus
255 3231 322 3273 non
344 3210 534 3274 labefactata
562 3214 594 3274 et
615 3214 704 3275 tanta
732 3214 854 3296 strages
883 3212 967 3276 edita
995 3215 1079 3275 esset
1105 3216 1142 3276 ut
1169 3234 1235 3276 non

90 3313 198 3392 posset
220 3313 353 3393 equitari
376 3314 430 3375 aut
451 3312 491 3375 iri
513 3313 572 3376 viis
594 3314 822 3396 parietinarum
842 3314 1046 3377 multitudine
1063 3314 1235 3378 obstructis

92 3414 124 3473 91
145 3412 280 3494 obrutis,
305 3414 344 3476 cf.
369 3413 405 3477 G.
430 3413 557 3496 Finlayi
578 3413 662 3490 Hist.
687 3413 741 3478 Gr.
764 3438 795 3498 p.
822 3415 874 3497 15,
905 3418 998 3498 atque
1028 3416 1066 3479 119
1089 3416 1166 3479 9119
1187 3438 1234 3478 19-

91 3512 225 3575 ficienda
253 3515 285 3575 et
305 3514 487 3578 renovanda
508 3517 642 3580 multum
670 3516 882 3580 deliberarent
910 3518 1009 3600 cives,
1039 3517 1234 3582 Schauberto

91 3613 265 3677 architecto
287 3616 471 3679 mandatum
494 3621 543 3680 est
569 3621 605 3680 ut
626 3619 737 3682 urbem
760 3621 839 3701 quae
861 3613 938 3682 tune
961 3622 1045 3682 esset
1072 3619 1106 3681 in
1128 3618 1236 3680 tabula

91 3716 284 3780 describeret
315 3719 347 3779 et
379 3739 457 3800 quae
491 3720 688 3782 emendanda
721 3721 943 3804 amplificanda
974 3718 1121 3783 novanda
1151 3718 1235 3781 vide·
1297 3722 1299 3726 ’

90 3821 200 3881 rentur
222 3818 256 3882 in
278 3819 387 3882 tabula
409 3819 518 3883 eadem
534 3821 737 3905 significaret.
769 3822 847 3885 Eius
864 3816 968 3905 operis
985 3821 1107 3884 socium
1123 3818 1235 3883 Clean·
1258 3904 1260 3909 Ι

90 3920 178 3984 them
200 3921 307 3984 nescio
332 3943 425 4003 quem
455 3920 522 3985 esse
550 3923 726 3986 voluenmt.
772 3921 984 3986 Schaubertus
1014 3943 1093 4004 quae
1121 3943 1236 4005 propo-

92 4022 155 4084 suit
181 4021 339 4085 Ministris
368 4022 478 4106 Regiis
505 4023 756 4108 Armanspergio
785 4024 932 4087 Maurero
961 4022 1135 4086 Heideckio
1164 4046 1235 4107 pro-

91 4123 178 4185 bavit
206 4145 338 4206 quorum
367 4124 498 4187 nomina
526 4125 703 4189 (11929111.
727 4127 812 4189 lunii
840 4129 876 4188 ut
904 4128 1004 4208 agunt
1027 4124 1140 4188 Gracci
1170 4127 1235 4189 sive

93 4227 128 4285 ut
148 4247 207 4287 nos
230 4225 280 4289 die
305 4228 342 4289 11
366 4249 407 4288 m.
431 4222 577 4289 Iulii'an.
603 4228 684 4290 1833
713 4227 832 4309 scripta
854 4228 1003 4310 leguntur
1030 4227 1065 4289 in
1093 4228 1237 4312 margine

95 4347 226 4408 mappae
249 4328 404 4412 ingentis,
434 4327 557 4411 quoad
584 4350 701 4391 novam
728 4328 815 4390 urbis
843 4330 979 4391 formam
1007 4329 1236 4413 designandam
