2872 4876
168 286 309 342 Ecclesiae
324 303 412 356 prope
427 286 639 340 monumentum
654 283 804 354 Lyeicratis
820 286 849 338 et
864 302 957 338 arcum
972 281 1109 339 Hadriani
1124 284 1201 340 sitae.
1245 277 1286 342 65

140 452 199 517 τὸν
235 453 381 531 μέγιετον
415 449 642 529 Αὐτοκράτορα
671 449 838 529 Ἁδριανόν
871 472 898 513 κ.
927 470 953 512 τ.
983 453 1028 532 h,
1061 446 1155 532 Corp.
1186 446 1285 512 Inscr.

143 553 339 618 (111339
367 575 398 635 p.
421 552 493 615 414.
544 551 658 615 Editor
686 549 811 634 Cyriaci
838 549 976 613 indicem
1003 549 1191 613 mendosum
1220 572 1287 615 esse

142 658 229 718 ratus
251 654 438 737 ,1111111111
453 652 588 716 Antonii
610 691 652 700 -
673 653 802 735 immo“‚
824 651 942 736 inquit,
965 650 1156 734 ‚‚Hadriani‚
1180 651 1287 734 Olym-

142 758 280 840 pieum“.
336 755 398 820 Sed
429 755 564 818 Antonii
596 756 706 820 aedem
737 754 846 839 paucis
877 753 1023 838 passibus
1056 754 1096 816 ab
1131 753 1287 817 Hadriani

143 881 217 922 arcu
240 858 411 921 distantem
433 860 519 921 recte
541 856 720 920 nominavit
742 856 902 939 Cyriacus.

655 1043 696 1109 N.
719 1044 770 1109 64.

576 1164 673 1219 Arcus
691 1161 853 1218 Hadriani.

228 1283 371 1348 Numero
387 1283 429 1346 64
450 1303 510 1345 nos
532 1303 641 1344 arcum
655 1281 810 1345 Hadriani
832 1281 1028 1363 notavimus,
1051 1280 1288 1369 Lithographus

143 1386 351 1449 Atheniensis
372 1407 404 1447 n.
427 1383 470 1446 43
498 1383 675 1466 adscripsit.
720 1383 760 1446 In
787 1382 851 1446 situ
873 1385 979 1446 autem
1002 1383 1068 1447 eius
1090 1387 1289 1449 monumenti

145 1487 326 1552 definiendo
349 1486 388 1549 ad
411 1485 654 1568 septemtriones
677 1485 847 1567 aberravit,
877 1484 961 1567 quod
983 1485 1134 1549 mendum
1154 1488 1288 1558 correxi-

144 1612 215 1652 mus
237 1588 329 1672 signo
350 1608 440 1651 arcus
464 1609 480 1650 1
503 1588 633 1671 regione
654 1587 722 1650 1111
743 1585 898 1650 Hadriani
920 1587 1036 1669 posito.

230 1690 368 1753 Pittaces
396 1689 430 1751 in
452 1689 529 1752 Ant.
552 1688 670 1753 Athen.
699 1710 730 1772 p.
755 1688 817 1753 174
845 1689 885 1752 ad
913 1711 1020 1753 arcum
1049 1692 1208 1774 quondam
1237 1715 1289 1777 ap-

146 1793 296 1874 plicatam
318 1791 414 1854 fuisse
438 1791 604 1855 ecclesiam
626 1790 737 1854 scribit
746 1789 776 1875 ⁵¹²)
783 1839 793 1872 ,
821 1790 909 1854 cuius
937 1813 1023 1855 nunc
1051 1792 1178 1874 quidem
1206 1799 1289 1858 certe

146 1916 184 1957 ex
209 1893 323 1956 animis
345 1893 511 1957 hominum
532 1893 627 1977 plane
650 1891 772 1956 effluxit
793 1892 954 1956 memoria.
1048 1887 1049 1890 '

655 2094 696 2161 N.
720 2095 771 2160 65.

578 2215 641 2292 Ἁγ.
666 2215 856 2294 Αἰκατερίνη.

229 2351 297 2415 Sita
325 2354 374 2414 est
400 2351 483 2413 inter
511 2371 599 2414 areas
627 2349 768 2432 aedium,
796 2361 881 2414 nunc
910 2349 1100 2434 deletarum,
1129 2351 1160 2417 S.
1190 2352 1289 2417 Atha-

142 2454 226 2517 nasii
254 2457 287 2517 et
308 2451 520 2516 S.‘Dominae
544 2450 769 2534 Candelarum,
799 2473 866 2515 non
893 2453 1004 2534 procul
1032 2453 1071 2516 ab
1101 2454 1212 2517 ultima
1239 2455 1291 2518 111

143 2555 309 2619 Hadriani.

227 2659 262 2723 ΑΙ
286 2656 518 2721 ΑΙΚΑῘΕΡΙΝΗ
542 2653 727 2720 Schaubert.

229 2760 247 2821 7
272 2759 322 2834 ἁγ.
345 2757 526 2836 Αἰκατερὶνη
549 2755 693 2841 Lithogr.
717 2755 929 2820 Monacensis.

228 2859 271 2923 35
295 2857 440 2943 Lithogr.
463 2856 680 2921 Atheniensis.

229 2959 417 3023 Schanberti
439 2959 644 3041 scriptionem
670 2960 810 3022 nominis
832 2981 940 3023 veram
967 2981 1036 3023 esse
1064 2982 1101 3024 ex
1124 2962 1215 3025 fastis
1243 2963 1289 3026 in-

144 3061 300 3145 telligitur
328 3060 383 3124 ubi
410 3059 450 3124 ad
478 3059 562 3124 diem
588 3059 631 3124 25
656 3062 774 3124 mensis
802 3060 994 3125 Novembris
1027 3062 1186 3146 adscripta
1212 3063 1290 3129 haec

146 3165 233 3226 sunt:
256 3161 456 3241 Αἰκατερὶνη(
480 3162 773 3242 Μεγαλομάρτυρο(
795 3164 847 3227 καὶ
870 3164 1071 3243 Μερκουρίου
1096 3166 1197 3244 Μάρτ.

230 3263 314 3326 Μ111
341 3261 578 3346 Lithcgraphus
606 3261 814 3326 Atheniensis
843 3262 977 3327 aedificii
1005 3265 1133 3349 signum
1160 3271 1291 3350 propter

149 3363 314 3428 ecclesiam
328 3363 533 3428 Aecaterines
555 3363 676 3447 posuit,
698 3364 755 3427 ubi
776 3367 920 3447 apertum
935 3366 1041 3429 locum
1064 3367 1161 3431 fuisse
1182 3368 1291 3432 tabula

148 3487 199 3528 an.
227 3463 308 3527 1834
328 3464 412 3528 facta
433 3465 639 3529 demonstrat.
684 3465 762 3529 Eius
790 3466 853 3530 loci
879 3467 982 3550 figura
1008 3467 1161 3550 quadrata
1181 3469 1290 3532 Litho-

147 3565 306 3651 graphum
328 3565 363 3627 in
383 3586 520 3631 errorem
536 3567 670 3631 fortasse
692 3567 825 3632 induxit.
841 3606 884 3615 —
898 3567 1121 3632 Kohlmannus
1143 3591 1201 3652 per
1221 3570 1289 3633 lite-

144 3690 196 3731 ras
219 3667 433 3752 interrogatus
455 3672 554 3754 negat
575 3669 620 3731 ibi
641 3691 781 3752 unquam
804 3669 975 3753 quidquam
997 3671 1095 3733 fuisse
1118 3669 1261 3733 aedificii.

229 3769 269 3832 ln
296 3769 476 3853 propinquo
505 3773 553 3833 est
580 3773 693 3852 puteus
722 3768 851 3853 Sinam,
889 3771 968 3833 situs
1001 3771 1040 3834 ad
1068 3771 1152 3834 viam
1180 3792 1289 3834 versus

145 3892 225 3953 quae
247 3871 431 3934 nominatur
453 3871 531 3936 ὁδὸ(
553 3872 751 3952 Ἀφροδίτης.

229 4159 254 4226 *)
272 4157 355 4227 Apud
372 4155 594 4226 Lithographum
617 4157 813 4212 Atheniensem
836 4176 920 4226 quum
942 4159 971 4211 in
995 4158 1090 4212 ordine
1112 4176 1290 4215 numerorum

145 4241 217 4295 desit
238 4260 264 4295 n.
288 4248 333 4308 42,
357 4240 492 4310 suspicari
513 4241 590 4310 licet,
618 4259 734 4297 numero
757 4249 789 4296 42
813 4243 849 4297 ad
871 4260 966 4297 arcum
988 4245 1124 4299 Hadriani
1147 4245 1289 4315 adscripto

144 4326 221 4378 illam
240 4324 386 4380 ecclesiam
403 4324 553 4394 significari
571 4327 734 4396 oportuisse.
751 4384 753 4391 y
1228 4325 1229 4328 ’

169 4420 335 4481 Mommsen,
349 4420 457 4459 Athenae
470 4419 555 4461 christ.
1066 4417 1087 4480 ξ)
