2872 4876
604 309 692 377 Regio
708 308 831 362 Theatri.

657 471 698 536 N.
722 470 773 535 34.

521 589 719 656 vigiliarium
736 589 915 642 Tartarum.

102 714 116 721 '
228 708 320 792 Signi
348 709 388 770 ab
415 708 634 792 Lithographo
662 707 760 790 positi
787 707 891 769 forma
917 705 996 769 haec
1031 710 1097 771 est:
1134 717 1176 792 0.
1226 708 1291 771 Ad-

142 810 272 892 scripsit
292 832 459 873 numerum
481 810 575 892 311),
599 830 693 892 quem
715 829 774 871 nos
797 808 831 870 111
853 830 884 870 11.
909 808 951 871 34
972 809 1172 872 mutavimus,
1219 808 1288 872 Sin-

140 912 246 997 gulari
275 914 380 974 autem
408 912 492 996 sigui
522 911 570 973 sui
604 911 709 993 specie
736 908 973 993 Lithographus
1009 910 1101 973 aedes
1137 911 1291 974 indicavit

141 1014 257 1096 quibus
280 1014 398 1076 milites
414 1012 539 1076 Turcici
554 1013 746 1074 excubantes
770 1011 816 1073 uti
839 1010 924 1073 001111
941 1014 1024 1074 sunt.
1055 1012 1094 1073 In
1109 1012 1290 1094 propinquo

142 1118 235 1178 erant
261 1116 387 1178 moenia
414 1118 446 1177 et
472 1117 565 1197 porta
594 1136 688 1196 quam
710 1112 782 1175 Inte
805 1112 923 1195 Kapcsi
953 1113 1018 1175 sive
1046 1117 1172 1196 portam
1194 1114 1291 1176 Alba-

141 1240 218 1280 nam
241 1217 457 1280 nominabant.

657 1316 698 1381 N.
722 1317 772 1381 35.

577 1436 639 1513 Ἁγ.
661 1437 859 1516 Παραεκευή.

229 1574 268 1635 111
291 1575 431 1635 extrema
451 1574 541 1654 parte
563 1570 679 1634 veteris
701 1570 789 1632 urbis
811 1569 873 1632 fuit
895 1569 934 1632 ad
957 1570 1121 1634 meridiem
1144 1593 1262 1635 versus.

234 1677 279 1738 ΑΓ
301 1675 540 1739 ΠΑΡΑΣΚΕΥΗ
564 1671 748 1736 Schaubert.
915 1732 919 1739 .

237 1776 276 1836 12
299 1775 347 1851 ἁγ.
372 1777 560 1854 Παραεκευή
582 1774 726 1859 Lithogr.
750 1773 961 1837 Monacensis.

230 1875 364 1959 Signum
388 1876 484 1941 habet
504 1875 648 1960 Lithogr.
672 1875 895 1958 Atheniensis,
923 1897 1055 1938 numero
1083 1897 1150 1938 non
1172 1876 1290 1939 addito

657 2101 783 2109 *ου-

609 2286 734 2385 Caput
759 2286 825 2360 VI.

505 2466 589 2551 11111
617 2469 658 2553 01
684 2467 924 2571 areopagus.

657 2671 697 2736 N.
721 2673 773 2735 36.

452 2791 574 2870 Τ(ιαμί;
599 2790 776 2871 Ornatam,
799 2797 987 2851 Parthenon.

229 2926 442 3008 Posteaquam
469 2925 613 2988 Minerva
640 2925 674 2986 in
696 2923 898 2986 Parthenone
929 2923 991 2986 coli
1018 2922 1118 2987 desita
1140 2927 1202 3008 est,
1232 2925 1287 2989 Sa-

144 3029 282 3111 pientiae
306 3028 430 3090 divinae
446 3027 478 3090 id
493 3027 647 3109 templum
663 3026 824 3090 dedicasse
841 3025 949 3088 ferunt
965 3023 1174 3112 Christianos,
1197 3050 1291 3111 quam

144 3130 424 3193 commutationem
464 3129 498 3191 in
533 3129 737 3211 Imperatoris
774 3128 943 3191 Iustiniani
983 3150 1118 3213 regnum
1152 3130 1291 3194 incidere

144 3232 286 3295 Leaheus
314 3233 500 3312 arbitratur,
531 3230 670 3314 Topogr.
700 3231 759 3293 nd.
790 3229 823 3292 Π
851 3253 881 3312 p.
905 3231 947 3292 62
974 3260 1016 3284 =
1043 3255 1074 3314 p.
1102 3233 1144 3296 43
1172 3231 1290 3295 Baiter.

144 3333 223 3395 Eius
246 3337 351 3395 autem
374 3332 569 3415 Sapientiae,
592 3338 648 3411 τῆς
671 3333 762 3410 ἁγία(
786 3333 921 3415 (catat,
944 3333 978 3394 in
1001 3332 1203 3397 Parthenone
1226 3335 1289 3396 cul-

144 3439 195 3496 tae
218 3435 295 3496 fides
319 3438 351 3496 et
373 3435 542 3497 auctoritas
565 3434 661 3496 nulla.
692 3433 777 3498 Nam
799 3433 884 3516 quod
905 3434 1094 3516 Anonymus
1117 3435 1290 3516 Parisinus,

144 3536 227 3619 apud
256 3536 464 3618 Labordium,
492 3535 611 3598 Athen.
634 3534 650 3597 I
672 3558 702 3617 p.
728 3535 781 3617 78,
810 3535 923 3618 tradit,
952 3535 983 3600 S.
1013 3537 1147 3600 Paulum
1175 3537 1209 3598 in
1237 3558 1292 3597 ara

142 3639 280 3721 quadam
308 3638 519 3702 Parthenonis
547 3637 679 3720 legisse:
707 3639 859 3722 ἀγνώετῳ
889 3645 967 3724 θεῷ,
1001 3660 1096 3721 seque
1131 3659 1168 3700 ea
1195 3637 1292 3699 verba

143 3742 262 3823 scripta
282 3741 398 3804 vidisse
419 3742 452 3803 in
474 3742 566 3822 porta
586 3739 697 3821 templi
713 3738 903 3822 Turcici**),
920 3740 959 3802 ab
974 3738 1163 3803 Christianis
1186 3740 1291 3800 autem

209 3930 233 3997 *)
252 3928 406 3981 Numerum
419 3932 449 3980 31
463 3925 669 3995 Lithographus
686 3927 760 3979 inter
772 3924 943 3994 vigiliarium
961 3927 990 3978 et
1006 3925 1179 3977 Parasceven
1196 3924 1290 3991 posuit

143 4020 247 4066 utnon
265 4014 373 4082 liqueat
390 4011 445 4064 utri
464 4010 589 4064 aedificio
603 4009 788 4079 adscripserit.
814 4010 899 4064 Paulo
912 4008 1027 4078 propius
1045 4010 1140 4061 tamen
1158 4025 1289 4063 numerus

145 4098 225 4150 abest
242 4115 260 4151 a
276 4097 426 4166 vigiliario

199 4183 240 4250 **)
257 4183 418 4250 Anonymus
436 4180 588 4248 Parisinus,
607 4181 654 4248 qui
673 4197 745 4235 anno
765 4187 829 4235 1670
847 4181 989 4250 scripsisse
1007 4179 1132 4247 videtur,
1149 4180 1183 4233 iis
1202 4181 1289 4235 adnu-

146 4267 291 4319 merandus
310 4270 363 4333 est,
382 4285 451 4337 quos
471 4267 528 4320 eius
546 4268 586 4320 rei
606 4269 732 4321 auctores
749 4267 817 4320 Lud.
831 4267 944 4320 11οο01110
961 4267 989 4317 in
1008 4265 1290 4335 Archaeologicorum

144 4356 212 4407 torn.
230 4355 242 4406 1
260 4373 286 4423 p.
306 4363 354 4409 273
372 4356 504 4408 recenset.
542 4352 723 4421 Consentiunt
746 4353 774 4404 in
792 4351 968 4405 Parthenone
986 4349 1055 4404 illud
1073 4354 1210 4422 ἀγνώετῳ
1230 4358 1288 4420 θεῷ
1374 4372 1377 4377 ·

170 4450 334 4499 Mommsen,
348 4451 455 4492 Athenae
470 4451 552 4491 Christ.
1068 4441 1088 4503 3
