2880 4868
637 242 728 313 Caput
742 243 790 297 Ill.

661 404 703 470 Ν.
726 405 756 469 2.

612 524 674 601 Ἁγ.
699 524 817 604 (ωτήρ.

222 659 284 723 Est
304 659 389 722 inter
412 659 561 722 ecelesias
583 658 710 723 Nicolai
735 659 751 721 1
776 662 808 721 et
830 657 957 723 Nicolai
979 661 1015 741 3,
1042 661 1173 742 prepter
1195 659 1298 744 viam,

139 784 219 846 quae
240 784 327 825 nunc
350 763 521 842 λεωφόρος
545 766 600 842 τῆς
622 761 847 845 ἀκροπόλεως,
870 761 922 824 via
944 761 1040 844 arcis,
1064 762 1188 826 dieitur.

223 866 269 930 ΑΓ
292 864 426 929 ΣΩΤΗΡ
449 862 634 928 Schaubert.

223 966 266 1028 44
289 965 366 1049 (imo
389 964 444 1051 41)
469 966 518 1043 ἁγ.
533 966 659 1046 ,ΕωτήρΙ
699 965 843 1050 Lithogr.
868 964 1080 1028 Monacensis,

222 1067 460 1151 Lithographns
482 1067 690 1130 Atheniensis
714 1068 841 1151 signum
863 1067 987 1151 posuit,
1018 1090 1184 1130 numerum
1210 1069 1292 1155 (for-

138 1173 224 1233 tasse
246 1170 280 1256 2)
305 1170 422 1234 omisit.

660 1289 702 1353 N.
726 1289 756 1352 3,

582 1410 644 1485 Ἁγ.
669 1409 836 1473 Νικόλαος.

225 1544 293 1607 sna
322 1546 453 1625 propter
479 1543 563 1606 viam
591 1544 738 1626 eandem,
776 1564 838 1626 qno
873 1544 912 1606 ab
941 1547 1081 1606 extrema
1112 1545 1164 1607 via
1191 1544 1289 1608 Aeoli

140 1645 313 1708 escendeus
338 1645 431 1706 sitaru
454 1667 553 1727 prope
575 1644 662 1708 vides
691 1646 856 1709 ecelesiam
880 1645 1071 1727 servatoris,
1100 1651 1158 1711 τοῦ
1182 1646 1290 1727 (ωτῆ-

140 1767 197 1826 ρο(
220 1747 255 1831 23
278 1747 324 1809 ire
348 1750 453 1809 curten]
475 1769 612 1831 pergeres
636 1747 685 1809 via
708 1747 804 1828 arcis,
828 1750 863 1808 ut
885 1770 903 1809 a
925 1747 1035 1809 dextra
1051 1748 1093 1809 sit
1108 1771 1179 1830 arx,
1204 1749 1290 1811 aedi-

141 1849 243 1911 culam
278 1848 435 1930 conspicis
470 1848 500 1912 ὃ.
515 1853 518 1858 ’
534 1849 670 1913 Nicolai.
727 1852 814 1923 (luae
848 1870 943 1930 qurnu
975 1849 1147 1932 perexigua
1180 1849 1223 1911 sit
1259 1853 1292 1912 et

140 1951 239 2013 videri
261 1950 364 2033 possit
386 1951 448 2013 alia
470 1955 563 2034 atque
587 1974 623 2014 ea
646 1950 781 2034 quaein
805 1950 992 2012 Sohaubcrti
1022 1953 1055 2013 et
1083 1951 1218 2014 aliorum
1242 1955 1291 2014 ta-

139 2052 237 2133 bulis,
265 2074 332 2113 non
360 2052 405 2113 ita
431 2074 529 2134 parvo
558 2053 668 2135 signe,
699 2051 882 2131 denotatur,
916 2051 1000 2114 haud
1029 2053 1094 2115 scio
1124 2075 1165 2115 an
1203 2075 1290 2116 eona-

140 2153 296 2234 pensandi
320 2173 413 2214 causa
435 2156 595 2216 exstructa
617 2154 659 2215 sit
686 2155 760 2234 post
782 2151 918 2214 deletam
947 2153 1057 2215 aedern
1079 2154 1290 2218 vetustiorem

140 2252 267 2317 Nicolai
293 2255 322 2317 3.

224 2357 271 2420 ΑΓ
295 2354 494 2421 ΝΙΚΟΛΑΟΣ
517 2355 700 2420 Schaubert.

227 2456 268 2518 39
292 2457 340 2533 ἅγ.
366 2457 522 2521 Νικόλαος
544 2458 688 2542 Lithogr.
712 2457 923 2520 Monacensis.

226 2559 245 2621 3
269 2557 414 2642 Lithogr.
439 2559 655 2623 Atheniensis.
683 2584 686 2589 ·

661 2696 703 2760 N.
726 2690 756 2759 4.

601 2817 662 2893 Ἁγ.
687 2816 824 2896 (operiar.

226 2947 293 3013 Sita
326 2953 374 3012 est
403 2972 497 3032 snpra
528 2950 613 3012 viana
644 2951 733 3013 arcis.
778 2949 881 3032 Infra,
910 2973 928 3012 a
956 2951 1044 3014 laeva
1071 2953 1214 3017 aedicula
1238 2959 1291 3018 est

141 3051 267 3114 Nicolai
290 3053 324 3133 3,
348 3074 366 3112 a
395 3050 505 3113 dextra
532 3053 627 3114 turris
656 3052 806 3115 ecclesiae
834 3053 917 3115 varie
947 3059 1059 3118 ornata
1088 3056 1287 3138 conspicitur

144 3174 223 3233 quae
246 3152 423 3236 Anargyris
446 3153 466 3215 5
489 3152 633 3216 dedicata
654 3157 711 3218 est.

227 3256 274 3318 ΑΓ
297 3255 468 3319 ΣΥΜΕΩΝ
493 3254 678 3320 Schaubert.

226 3356 266 3418 27
290 3356 338 3431 ἅγ.
362 3357 490 3436 (υμεών
513 3357 657 3443 Lithogr.
681 3360 892 3423 Monacensis.

228 3457 413 3542 ahithogr.
437 3459 654 3525 Atheniensis.

661 3597 703 3663 N.
725 3597 755 3661 5.

571 3720 634 3794 Ἁγ.
657 3718 853 3796 Ἀνάργυροι.

227 3853 331 3918 Aedes
352 3852 505 3915 turricula
527 3852 663 3936 insignis
687 3873 781 3935 quam
804 3853 998 3916 ornamentis
1029 3854 1217 3936 quibusdam
1240 3857 1288 3921 in-

55 3972 75 4004 a
144 3962 215 4041 epte
238 3957 442 4036 decorarunt,
465 3975 503 4015 ex
525 3953 576 4015 via
598 3953 679 4016 arcis
703 3953 905 4036 conspicitur.
935 3956 1046 4019 Paullo
1069 3957 1201 4037 inferius
1226 3960 1291 4023 sita

144 4063 193 4123 est
214 4059 346 4124 ecelesia
368 4056 499 4119 Ioannis
520 4053 683 4137 Mangutis
706 4056 734 4118 6.

231 4161 296 4224 Aa
313 4210 318 4222 .
334 4210 364 4222 ..
394 4156 577 4221 Sclraubert.
628 4157 751 4219 literae
779 4160 936 4222 vetustate
964 4182 1083 4224 exesae.
1129 4161 1203 4224 Fuit
1225 4165 1288 4228 ΑΓ-

144 4261 360 4328 ΑΝΑΡΓΥΡΟΙ
384 4260 434 4321 vel
456 4261 503 4336 ΑΓ
526 4258 769 4326 ΑΝΑΡΓΥΡΟΣ,
