2880 4868
139 273 181 335 34
634 281 724 353 Caput
737 284 784 338 Vl.

141 464 209 504 eam
231 443 340 504 aedem
363 444 393 505 S.
411 438 547 525 Sophiae
563 446 726 509 ecelesiam
743 448 860 509 laetam
883 467 966 528 esse,
989 445 1103 508 mirere
1126 464 1188 506 eur
1203 443 1300 507 nulla

140 544 197 605 11111
218 545 328 606 matris
351 544 470 607 Christi
493 546 630 629 mentio,
661 547 749 610 cuius
779 550 905 611 constat
931 548 1029 610 fuisse
1057 545 1173 608 aedem
1204 547 1298 608 antc-

143 667 237 727 qaam
260 645 380 709 Tureae
408 646 442 709 in
465 648 597 711 (lraecia
620 649 866 714 dominarentur.
911 650 1019 713 Etiam
1046 646 1212 728 Babinus,
1244 668 1297 709 an.

144 747 239 828 nna,
262 747 490 830 insapientiae
512 753 657 813 aeternae
680 752 845 815 ecelesiam
868 754 1025 815 mutatum
1046 748 1298 812 Parthenonem

141 847 295 932 loquitur,
318 849 401 932 apud
425 850 614 914 liabordiurn
637 851 653 914 l
675 875 705 935 p.
731 853 807 937 1963
831 853 864 916 in
887 875 948 936 quo
971 853 1048 915 item
1070 850 1184 913 mirari
1208 849 1298 930 licet,

142 971 197 1012 cur
219 951 361 1014 omiserit
383 955 415 1015 et
435 952 613 1034 neglexerit
640 953 672 1015 id
695 955 778 1036 qrmd
805 955 985 1037 proximum
1013 956 1045 1016 et
1073 951 1300 1016 certissimum

143 1054 223 1134 arat,
246 1056 319 1116 ante
342 1052 541 1116 dominatum
556 1054 762 1118 harbarorum
778 1056 888 1118 matris
904 1055 1024 1119 Christi
1040 1075 1170 1116 sacrum
1194 1053 1299 1116 fuisse

140 1152 389 1238 Parthenoncm,
413 1154 569 1218 curaverit
597 1158 629 1217 et
651 1157 833 1219 tractaverit
860 1179 924 1219 rem
950 1158 1119 1219 obscuram
1148 1158 1185 1218 et
1214 1154 1299 1218 anti-

140 1277 243 1337 quam.
280 1256 410 1319 Etenim
433 1257 459 1319 si
481 1278 620 1338 unquam
637 1256 810 1320 Christiani
832 1259 971 1340 priscum
993 1258 1104 1321 fanum
1125 1256 1300 1320 Minervae

141 1360 366 1419 converterunt
389 1357 588 1439 Sophiaeqnc
612 1357 811 1442 dedicarunt,
840 1360 950 1442 primis
979 1358 1182 1440 temporibus
1216 1357 1300 1442 (sae-

141 1458 220 1519 culis
249 1461 324 1539 post
345 1457 419 1521 Chr.
443 1457 505 1540 VI,
528 1457 605 1542 Vll)
637 1458 851 1522 dedicaverint
878 1482 1007 1523 necesse
1041 1461 1104 1541 est,
1134 1459 1228 1542 quod
1251 1480 1300 1521 re

143 1558 337 1620 cautioribus
359 1558 556 1641 temporibus
578 1581 644 1622 non
667 1560 803 1642 Sophiae
827 1561 881 1624 sed
903 1560 1063 1644 Panagiae
1086 1559 1185 1623 aedes
1218 1562 1299 1623 erat.

224 1660 315 1723 Nihil
337 1660 539 1722 tribuendum
562 1660 658 1723 fucrit
679 1662 772 1724 titulo
800 1663 854 1746 qui
885 1663 968 1744 apud
990 1662 1150 1725 Pittaoem
1181 1663 1235 1724 est
1265 1661 1301 1724 in

140 1761 216 1824 Ant.
240 1761 357 1824 Athen.
381 1785 412 1844 p.
435 1762 512 1825 387:
537 1755 588 1827 >d
610 1766 687 1841 μετὰ
709 1765 746 1828 τὸ
770 1767 927 1843 (ωτήριον
950 1765 1023 1828 ἔτος
1045 1764 1256 1842 ἐγκαινιάεθη
1281 1763 1301 1826 ὁ

140 1865 220 1929 ναὸς
243 1863 338 1929 οὗτος
360 1868 416 1940 τῆ(
439 1863 529 1940 ἁγία(
553 1864 679 1944 (occist.
724 1863 853 1945 Editor,
877 1865 929 1946 qui
953 1886 1037 1926 anno
1062 1864 1147 1927 1835
1169 1864 1301 1946 primus

141 1965 175 2026 in
204 1965 306 2027 lucem
334 1964 483 2047 protulit,
513 1968 586 2026 ante
615 1968 831 2047 recuperatam
859 1988 908 2028 an.
935 1965 1014 2028 1821
1044 1965 1235 2027 libertatem
1266 1964 1301 2027 in

140 2064 343 2127 Parthenone
365 2065 481 2147 legisse
504 2086 537 2125 se
560 2065 683 2148 scribit,
714 2087 793 2146 quac
816 2087 876 2148 ego
899 2066 944 2127 ita
966 2066 1178 2147 interpretor:
1210 2086 1300 2127 anno

144 2166 310 2228 183511011
335 2168 402 2227 erat
423 2165 478 2226 ubi
500 2164 604 2226 fuerat
625 2167 719 2246 atque
742 2164 819 2226 adeo
842 2166 947 2228 nullus
971 2169 1039 2229 erat
1060 2166 1186 2229 titulus
1214 2166 1302 2231 Sunt

141 2267 246 2327 autem
269 2265 304 2326 in
325 2265 387 2326 isto
410 2264 504 2325 titulo
528 2286 607 2345 quem
630 2265 861 2328 dubitationem
888 2270 1046 2329 moveant.
1092 2266 1216 2350 Miror,
1241 2287 1300 2329 no-

141 2368 239 2429 stram
261 2370 442 2449 temporum
463 2366 620 2427 rationem
641 2402 684 2412 -
708 2364 759 2431 Χλ’
781 2367 858 2446 μετὰ
878 2370 916 2432 τὸ
940 2369 1099 2446 conteror
1123 2369 1202 2433 ἔτος
1226 2368 1248 2431 i.
1271 2359 1299 2429 6.

133 2453 299 2550 Ι6301661
321 2465 394 2530 Chr.
418 2466 537 2529 —abs
566 2487 627 2548 quo
652 2465 764 2529 Gracci
794 2466 898 2529 subito
922 2468 1108 2550 didicerint,
1139 2470 1300 2551 septimo-

141 2591 201 2651 que
230 2569 355 2631 sacculo
383 2570 511 2630 nostrae
539 2567 671 2629 rationis
705 2567 814 2649 periti,
845 2589 900 2630 cur
933 2571 1045 2650 postea
1080 2568 1178 2631 obliti
1218 2569 1297 2632 sint.

140 2670 224 2735 Nam
246 2693 283 2734 eo
306 2673 449 2752 tempore
472 2672 504 2731 et
525 2669 626 2731 multo
650 2668 745 2731 etiarn
759 2670 833 2750 post
848 2669 975 2751 Graeci,
1000 2669 1027 2730 si
1050 2669 1127 2750 quid
1151 2671 1302 2754 agebant

140 2772 280 2855 publice,
304 2792 405 2834 annos
428 2771 467 2832 ab
490 2772 561 2832 ortu
583 2769 693 2832 mundi
716 2769 950 2851 computabant.
983 2767 1031 2831 Cf.
1055 2768 1176 2833 Ideleri
1194 2770 1300 2834 Chro-

140 2874 248 2955 nolog.
272 2873 305 2935 lI
328 2895 358 2953 p.
381 2871 454 2933 464.
491 2871 594 2944 Quare
618 2870 716 2932 satius
739 2870 812 2951 erit,
836 2870 946 2950 titulo,
969 2890 1064 2950 quam
1084 2870 1112 2931 si
1136 2871 1302 2936 editorem

141 2974 301 3055 exceperis
324 2992 418 3033 nemo
441 2970 535 3051 vidit,
558 2971 653 3033 fidem
676 2971 838 3052 abrogare.
868 2968 958 3032 Nolo.
974 2969 1135 3032 mendacii
1159 2994 1303 3056 arguere

143 3073 310 3157 Pittacem3
333 3070 485 3133 memoria
508 3093 580 3132 eum
602 3070 730 3153 fefellit,
754 3093 829 3133 nam
851 3090 930 3151 qnae
953 3073 1076 3151 narrat,
1106 3075 1305 3137 memoriter

99 3218 103 3228 «
140 3177 257 3238 narrat.
302 3173 457 3236 Memoria
479 3175 584 3234 autem
608 3174 640 3233 et
661 3171 880 3234 recordatione
903 3168 978 3249 quid
1006 3173 1118 3251 potest
1141 3195 1216 3237 esse
1241 3176 1304 3238 fal-

141 3274 262 3338 lacius?

225 3376 361 3440 Matrem
384 3375 504 3439 Christi
526 3376 561 3437 in
580 3373 782 3437 Parthenone
804 3369 951 3431 adorasse
967 3367 1174 3436 Christianos
1200 3399 1307 3460 quum

141 3479 311 3562 scriptores
344 3478 470 3560 quidem
504 3479 559 3540 aut
587 3475 749 3538 declarant
782 3472 837 3532 aut
870 3470 954 3530 certe
986 3470 1192 3558 significant,
1232 3483 1308 3542 tum

140 3582 225 3644 tituli
247 3582 281 3644 in
304 3580 461 3644 columnis
502 3579 550 3641 ius
573 3577 659 3639 aedis
682 3569 834 3651 insculpti
857 3568 1055 3633 confirmant.

140 3799 303 3871 inscriptum
320 3800 406 3855 fuisse
425 3799 456 3851 ut
478 3813 522 3849 res
545 3809 616 3860 quac
635 3789 766 3845 narratur
787 3784 833 3837 vix
856 3782 944 3851 possit
967 3783 1068 3837 haberi
1090 3806 1146 3856 pro
1172 3794 1248 3852 fieta
1267 3801 1312 3854 fa-

140 3883 213 3939 bula.
249 3888 293 3941 lta
311 3885 398 3940 sensit
414 3881 528 3935 Rossins
547 3891 657 3943 quoque
675 3874 692 3923 1.
711 3871 728 3923 l.
758 3868 852 3920 Facile
871 3865 943 3918 enim
961 3866 1021 3918 fieri
1038 3872 1150 3940 potuit,
1170 3880 1206 3930 ut
1227 3880 1313 3936 Chri-

141 3967 223 4022 stiani
240 3971 425 4026 Athenienses
442 3964 490 4032 pia
507 3959 605 4015 fraude
624 3957 666 4009 usi
683 3953 771 4009 verba
785 3951 935 4014 Ἀγνώετῳ
950 3950 1013 4015 Θεῷ
1032 3950 1061 4002 in
1080 3954 1180 4011 fronte
1200 3964 1314 4034 templi

140 4050 322 4112 inscriberent
340 4065 468 4122 quaeque
486 4046 515 4097 in
534 4038 834 4108 Act.Apostol.17,23
852 4031 967 4084 narrata
984 4042 1171 4106 acceperant,
1192 4044 1314 4105 habere

140 4133 215 4191 domi
233 4142 307 4195 etin
326 4155 393 4194 suae
417 4131 492 4186 urbis
515 4122 699 4179 illustrissimo
720 4116 901 4173 monumento
918 4114 1010 4180 posita
1026 4115 1132 4173 intueri
1152 4137 1315 4201 cuperent,

139 4226 263 4284 quamvis
281 4225 384 4282 Paulus
402 4233 459 4272 non
476 4209 592 4266 Athenis
610 4208 658 4261 sed
680 4207 708 4258 in
732 4205 814 4257 litore
836 4196 979 4251 Phalerico
1003 4215 1107 4253 nomen
1134 4206 1236 4274 ignoti
1264 4218 1316 4271 dei

138 4301 258 4371 legisset.
