2880 4868
191 248 230 311 14
689 249 781 321 Caput
795 250 832 308 11.

188 416 354 499 editum*).
385 413 424 478 In
439 412 590 477 Labordii
600 412 693 476 libro
716 412 813 476 etiam
829 410 973 476 Wheleri
993 412 1120 476 tabulae
1142 413 1231 477 urbis
1250 419 1339 498 sunt,

189 517 302 601 quibus
322 515 423 579 multo
446 514 574 579 utiliora
597 516 688 578 erant
708 535 788 597 quae
811 512 949 597 Sponius
971 512 1077 578 habet.

272 616 447 703 Labordius
476 615 536 680 etsi
568 616 735 699 plerasque
767 614 956 679 vetustiores
989 615 1077 679 urbis
1106 615 1340 700 descriptiones

189 719 373 802 complexus
395 721 458 802 est,
480 739 548 782 non
569 716 685 801 ubique
715 716 750 781 in
778 716 817 780 iis
846 738 926 801 quae
954 719 1009 781 aut
1036 716 1125 781 dedit
1151 721 1206 782 aut
1227 719 1341 783 omisit

188 820 452 904 acquiescendum
484 841 553 884 esse
585 819 689 884 video.
743 817 873 883 Etenim
910 840 970 883 neo
1001 819 1097 903 plane
1131 819 1254 884 inutilis
1288 824 1339 886 est

188 921 223 987 P.
248 920 425 987 Ooroncllii
447 920 557 986 charta
578 924 634 984 aut
655 920 854 984 adumbratio
883 920 971 984 urbis
998 921 1033 985 in
1061 921 1135 985 libri
1156 921 1338 994 Fanelliani

187 1045 218 1107 p.
241 1024 304 1089 312
326 1045 372 1108 sq.
395 1023 529 1107 inserta,
557 1026 690 1107 utraque
717 1023 757 1086 ab
787 1022 947 1086 Labordio
975 1022 1108 1105 omissa,
1138 1026 1170 1086 et
1199 1021 1338 1089 Comitis

189 1125 220 1190 S.
248 1125 363 1190 Felicis
393 1124 437 1213 [at
463 1122 640 1211 Vemedae]
669 1123 812 1188 tabulam
840 1123 1001 1187 Fanellius
1029 1146 1060 1208 p.
1083 1125 1145 1188 317
1174 1125 1221 1189 ita
1248 1126 1339 1190 dedit

188 1230 224 1290 ut
244 1226 338 1291 facile
360 1227 449 1312 legas
470 1247 537 1291 non
559 1225 761 1288 imminutam
783 1224 839 1288 sed
859 1227 982 1289 tantam
996 1228 1033 1288 ut
1045 1224 1171 1290 videtur
1185 1229 1339 1311 quantam

189 1350 258 1393 esse
280 1328 383 1393 voluit
404 1328 432 1392 is
455 1328 510 1411 qui
531 1326 623 1411 fecit3
646 1325 822 1390 Labordius
845 1327 1004 1391 contraxit
1024 1348 1189 1391 mensuras
1211 1331 1340 1394 utnon

188 1429 305 1513 ubique
328 1431 396 1493 sine
418 1428 609 1493 detrimento
629 1428 748 1493 tabella
770 1428 979 1492 substituatur
999 1450 1058 1514 pro
1080 1429 1255 1514 tabula**).
1285 1430 1337 1497 Of.

188 1530 265 1595 Not.
290 1531 324 1593 in
345 1553 376 1594 n.
403 1529 741 1613 173,”Αγ.’1ωάννηε
765 1531 907 1596 Κολώνα

582 1749 627 1805 11.
662 1749 801 1820 calorgis
819 1749 937 1806 tabula.

273 1885 380 1952 Homo
404 1888 544 1954 Graecus
566 1887 621 1972 qui
643 1886 721 1952 fecit
743 1887 862 1950 oblitus
885 1888 934 1950 est
959 1885 1101 1951 indicare
1127 1888 1238 1953 urbem
1260 1911 1280 1953 a
1302 1912 1338 1955 se

189 1989 382 2073 descriptam
409 1989 554 2054 Athenas
583 2010 665 2074 esse;
701 2010 793 2052 suum
820 2009 940 2051 nornen
966 1987 1017 2051 bis
1044 1990 1154 2073 posuit
1181 1993 1339 2076 expressit

189 2092 274 2174 typis
303 2094 335 2154 et
356 2112 454 2155 manu
481 2090 698 2176 scripsit***);
726 2089 834 2153 omisit
861 2111 995 2172 annum,
1024 2091 1146 2155 scilicet
1172 2113 1338 2158 senescere

194 2195 226 2255 et
248 2193 446 2256 obsolescere
467 2191 572 2255 noluit
593 2191 790 2274 praeclarum
812 2191 898 2254 istud
919 2192 995 2255 artis
1018 2212 1107 2276 opus.

273 2291 336 2356 Pro
369 2292 473 2356 indice
506 2293 606 2377 igitur
637 2292 715 2356 haec
747 2292 783 2355 in
813 2292 963 2357 inferiore
993 2294 1137 2379 margine
1169 2296 1336 2382 leguntur:

190 2392 294 2458 Grave
322 2393 398 2457 chez
420 2393 561 2477 Erhard‚
589 2392 627 2456 R.
651 2392 834 2475 Bonaparte
860 2394 913 2459 42.
957 2394 1100 2460 Execute
1127 2418 1185 2481 par
1206 2397 1335 2464 Emma

188 2496 264 2559 nuel
285 2495 451 2581 Kalergis,
475 2495 562 2560 e‘leve
584 2494 623 2558 de
636 2493 772 2583 ,St-(lyr
793 2498 826 2559 et
848 2494 1017 2562 del’e'ecle
1038 2498 1203 2582 imperiale
1225 2500 1335 2565 d'etat-

167 2597 291 2682 *major
323 2597 361 2662 de
388 2597 519 2662 Franco.
568 2595 765 2681 Paris-Imp.
794 2596 988 2682 Lemercier,
1020 2598 1058 2663 R.
1093 2599 1133 2685 de
1161 2600 1255 2666 Scine
1282 2603 1333 2668 57.

188 2699 302 2763 Annus
324 2699 391 2764 fere
415 2700 498 2764 1860
520 2698 666 2786 fueritt).

273 2801 505 2866 Describuntur
518 2822 586 2865 non
601 2823 654 2865 eae
671 2800 775 2865 solum
789 2800 989 2866 Athenarum
1003 2805 1110 2886 partes
1126 2824 1207 2888 quae
1224 2805 1334 2871 Turois

190 2902 427 2966 dominantibus
458 2904 603 2987 fuerunt,
637 2902 692 2966 sed
725 2903 822 2967 etiam
853 2903 1016 2988 Neapolis,
1067 2904 1195 2988 Species
1228 2911 1334 2972 autem

189 3003 275 3067 urbis
298 3025 396 3087 parva
417 3007 480 3088 est,
501 3026 577 3068 nam
599 3026 679 3088 quae
694 3004 778 3068 circa
798 3008 873 3069 sunt
893 3026 961 3070 non
975 3027 1076 3090 pauca
1091 3028 1148 3070 sua
1167 3008 1202 3071 in
1225 3009 1335 3074 charta

189 3105 297 3188 posuit
324 3104 490 3191 Calerges,
524 3107 602 3190 quin
635 3106 731 3170 etiarn
763 3106 872 3189 posuit
903 3130 983 3193 quae
1015 3130 1057 3172 ne
1087 3112 1161 3172 sunt
1195 3111 1332 3195 quidem.

190 3206 283 3281 Quod
304 3207 339 3271 in
360 3208 453 3272 litera
475 3229 493 3275 ν
516 3207 669 3272 indicavit
695 3208 873 3273 aedificium
900 3211 1003 3294 „vav
1027 3212 1335 3290 asasonthamar

190 3308 224 3372 id
244 3330 304 3372 nec
327 3312 376 3373 est
397 3331 457 3373 nec
478 3309 541 3374 fuit
560 3333 709 3395 unquam.
741 3310 913 3376 Graeculus
935 3312 1019 3395 quod
1040 3317 1117 3377 tunc
1139 3314 1335 3398 aedificaturi

274 3533 299 3601 ⁸¹)
318 3528 472 3584 Labordius
486 3529 653 3599 aVemeda‚
665 3531 777 3588 homine
787 3531 905 3598 Veneto,
919 3531 952 3584 of.
965 3549 992 3601 p.
1007 3536 1031 3600 8,
1045 3534 1150 3588 factum
1162 3551 1222 3590 esse
1235 3535 1332 3591 credit.

188 3614 304 3685 Reperit
321 3613 445 3670 Veneliis
464 3617 494 3671 in
511 3618 659 3672 tabulario.
684 3618 755 3672 Vide
774 3634 845 3686 quae
862 3616 1018 3671 Labordius
1036 3619 1198 3690 subscripsit
1213 3619 1243 3673 in
1261 3638 1334 3675 mar-

176 3701 255 3768 ,gine
273 3702 302 3753 et
319 3700 389 3754 tomi
406 3701 432 3754 Π
449 3719 476 3772 p.
497 3708 554 3758 150.

261 3789 300 3853 **)
319 3783 398 3850 Quod
415 3786 561 3842 Vernedae
578 3787 705 3842 tabulam
725 3803 743 3840 a
759 3786 899 3842 Labordio
921 3786 1043 3857 primum
1065 3789 1170 3844 editam
1187 3806 1247 3845 esse
1265 3790 1334 3846 dicit

189 3869 343 3924 Ludovicus
354 3866 487 3940 Roscius,
505 3871 747 3940 Archaeologicor.
764 3858 792 3924 ΪΙ
809 3890 836 3941 p.
856 3877 918 3940 265,
936 3873 1037 3928 falsum
1055 3876 1104 3928 est.
1245 3873 1253 3883 ”

249 3960 301 4023 m)
321 3955 437 4011 Conuius
454 3957 483 4010 in
500 3956 639 4025 Philologi
656 3959 676 4010 t.
695 3955 772 4010 XXV
788 3973 815 4025 p.
835 3961 885 4010 290
903 3974 1006 4012 annum
1024 3975 1082 4013 esso
1101 3959 1198 4014 scribit
1216 3967 1290 4018 1863.

273 4044 302 4109 ν)
321 4041 447 4096 Tertium
466 4041 589 4108 Calergis
607 4057 709 4095 nomen
725 4040 755 4093 in
771 4041 833 4110 ipsa
853 4042 951 4096 tabula
972 4042 1087 4112 legitur,
1104 4061 1193 4115 prope
1210 4047 1332 4105 llissum:

190 4127 262 4181 θέει(
280 4129 353 4194 ὅπορ
376 4118 626 4194 ἠχμαλωτίεθηεαν
651 4127 724 4180 κατὰ
746 4128 781 4181 τὸ
805 4129 869 4182 troc
888 4133 953 4183 1827
976 4130 993 4182 ὁ
1016 4132 1172 4199 (τρατηγὸς
1191 4132 1332 4203 Καλέργηε

189 4215 235 4266 καὶ
254 4214 270 4266 ὁ
289 4212 408 4279 Δράκοε.
443 4211 546 4280 Captus
563 4209 604 4265 ibi
620 4241 653 4250 —
670 4228 728 4266 non
744 4210 803 4265 sine
821 4213 924 4280 gloria,
942 4215 974 4267 ut
991 4230 1072 4283 spero
1091 4245 1122 4254 -
1139 4216 1222 4285 pater
1243 4218 1332 4273 homi-

145 4328 152 4338 ·-
189 4296 233 4351 nis
251 4298 300 4350 aut
317 4297 442 4365 patruus.
