2880 4868
206 246 244 308 18
699 243 791 313 Caput
805 244 852 298 lll.

204 417 236 477 ct
262 436 294 475 n.
318 411 396 475 3261
425 430 493 491 sqq.
522 431 553 490 p.
580 407 661 470 1668
691 428 758 489 sqq.
809 406 957 469 Fortasse
985 405 1115 468 tertium
1142 404 1273 467 titulum
1303 404 1360 468 ad-

204 514 277 576 dere
300 513 378 575 licet
398 533 429 573 n.
452 510 535 573 2247
559 532 590 592 p.
616 507 706 571 1165.

288 613 428 676 Ρ1110001
457 611 491 674 in
519 633 592 673 area
613 610 743 673 Ioannis
767 608 930 693 Maugutis
959 609 1036 672 olim
1067 608 1225 691 Apollinis
1250 607 1359 671 Smin-

204 716 264 778 thii
286 715 395 777 fanum
417 713 515 776 fuisse
538 712 717 793 contendit,
741 710 1088 793 n11t.nthen.p.1.‘·33.
1120 710 1158 772 ln
1181 709 1357 792 Eplieiner.

205 841 235 901 p.
254 817 349 899 1023,
374 816 412 879 cf.
431 839 460 898 p.
481 815 562 878 1166
578 807 793 897 propinquum
808 812 906 875 fuisse
929 813 996 875 vult
1012 811 1171 894 Serapidis
1187 811 1358 893 templum.

729 1017 770 1083 N.
795 1019 823 1081 7.

654 1136 904 1216 Εὐαγγελίετρια.

292 1291 447 1355 Aedicnla
468 1310 560 1352 muro
584 1289 720 1369 inclusa,
744 1309 806 1370 quo
830 1287 942 1349 domus
966 1286 1118 1369 quaedam
1141 1285 1264 1368 privata
1287 1307 1357 1347 mu-

207 1396 308 1475 nitur,
332 1414 431 1475 prope
455 1391 621 1454 ecclesiam
644 1389 774 1451 loannis
798 1388 960 1472 Mangutis
983 1389 1002 1450 6
1026 1387 1087 1450 sita
1109 1389 1165 1449 est.
1324 1470 1328 1477 Ι

293 1496 389 1556 Anno
415 1493 496 1556 1866
519 1492 628 1554 aedem
651 1489 856 1573 perexiguam
871 1489 1124 1573 Evangelistrioc
1147 1487 1191 1550 ibi
1213 1487 1278 1549 vidi
1302 1472 1358 1551 ubi

209 1596 289 1676 dixi,
319 1598 352 1657 et
384 1595 419 1656 in
454 1593 561 1655 diariis
594 1590 713 1653 notavi.
764 1589 855 1665 Quod
884 1591 922 1654 61.
951 1590 1172 1653 Koldmannus
1202 1588 1359 1652 Demetrii

210 1719 278 1761 esse
302 1695 413 1759 scribit
436 1695 544 1758 miror.

731 1811 772 1876 N.
797 1813 825 1875 8.

702 1933 859 2007 Παναγία.

266 2092 271 2103 ’
296 2088 348 2150 Ab
371 2087 447 2148 aede
462 2043 624 2149 Nicolai3
646 2105 745 2165 prope
767 2082 870 2145 abfuit
891 2082 936 2143 ita
951 2085 986 2143 ut
1001 2081 1169 2144 interesset
1190 2080 1242 2143 via
1265 2081 1358 2143 01011.

296 2187 467 2253 ΠΑΝΑΓΙΑ
489 2185 673 2249 Schanbert.

295 2288 339 2351 40
360 2287 508 2363 Παναγία
529 2285 674 2368 Lithogr.
698 2284 909 2349 Monacensis.

296 2390 318 2451 4
339 2387 485 2471 Lithogr.
509 2386 725 2450 Atheniensis.

297 2489 401 2565 Quum
423 2488 583 2572 Panagiac
606 2487 778 2571 insignitae
802 2488 1046 2571 cognominibus
1070 2509 1138 2550 esse
1161 2488 1294 2568 soleant,
1318 2487 1361 2549 ad

213 2592 323 2654 aedem
351 2592 383 2661 8,
399 2590 534 2654 forsitan
560 2589 639 2652 illud
665 2588 824 2672 pertineat
856 2611 1037 2674 cognomen
1065 2588 1149 2673 quod
1177 2588 1296 2671 legitur
1323 2588 1360 2650 in

212 2693 415 2777 Ephcmerid.
440 2715 470 2755 n.
494 2690 536 2755 96
557 2714 588 2774 p.
615 2691 689 2754 139:
719 2691 763 2756 etc
791 2692 849 2770 τὴν
879 2693 914 2756 ἐν
938 2693 1083 2770 Ἀθήναιε
1112 2691 1274 2768 ἐκκληςίαν
1303 2693 1361 2766 τῆς

213 2798 379 2872 Παναγία(
409 2794 593 2874 Κυμηνιάτη.
638 2791 722 2856 Nam
749 2795 785 2854 ut
813 2793 905 2855 aedes
933 2792 953 2854 8
982 2793 1050 2854 sine
1079 2791 1286 2875 cognomine,
1315 2791 1361 2852 ita

215 2916 394 2978 cognomen
415 2896 435 2957 1.
453 2896 474 2957 1.
497 2893 565 2956 sine
581 2893 703 2978 aede*).
737 2893 817 2956 Rem
831 2896 940 2956 tamen
955 2893 1083 2956 dubiam
1098 2914 1167 2956 esse
1182 2914 1248 2955 non
1263 2912 1358 2974 nege.

283 3181 309 3248 ⁹⁶)
328 3180 392 3234 Non
411 3179 509 3233 eodem
526 3178 586 3232 iure
604 3178 680 3233 aliud
699 3198 854 3249 cognomen
872 3181 967 3235 afferri
983 3181 1089 3249 potest,
1113 3180 1188 3249 quod
1205 3180 1360 3232 Fourmon·

215 3266 260 3317 tus
278 3264 402 3317 tradidit.
453 3265 497 3318 Ἐν
514 3270 549 3333 τῇ
568 3258 698 3335 Παναγ1ᾳ
716 3272 767 3320 τοῦ
787 3269 873 3322 lone}
891 3265 914 3318 11
931 3266 1044 3318 titulum
1063 3264 1090 3318 C.
1110 3266 1131 3319 l.
1150 3283 1177 3318 n.
1196 3270 1245 3318 746
1263 3282 1290 3332 p.
1311 3271 1361 3316 510

216 3366 245 3402 se
264 3348 400 3416 reperisse
419 3348 523 3401 scribit.
547 3349 657 3401 Etenim
676 3368 761 3418 quum
778 3366 834 3402 non
847 3350 933 3403 addat
944 3349 973 3402 in
985 3349 1054 3402 urbe
1067 3366 1096 3402 se
1108 3349 1216 3414 vidisse,
1234 3349 1360 3416 Panagia

216 3432 397 3500 Cymeniatae
415 3435 510 3486 autem
531 3432 559 3484 in
581 3435 650 3487 urbe
667 3435 750 3488 fuisse
772 3435 913 3499 tradatur,
935 3434 989 3486 hoc
1012 3449 1166 3502 cognomen
1188 3433 1236 3486 illo
1258 3435 1361 3502 probo-

217 3517 299 3570 bilius
317 3518 366 3570 est.
382 3548 414 3555 —
433 3516 509 3581 Quae
528 3519 621 3571 autem
638 3519 668 3571 P.
683 3517 853 3572 Coronellius
871 3518 900 3569 in
918 3534 983 3571 suae
995 3518 1109 3572 tabulae
1125 3518 1216 3571 indice
1235 3518 1359 3586 scripsit:

218 3609 257 3654 12.
283 3602 384 3655 Grotta
407 3601 432 3653 d'
441 3602 542 3670 Apollo
565 3601 704 3670 Panagia,
728 3602 807 3656 detta
828 3601 940 3655 Macrae
962 3603 1076 3669 Petrae,
1099 3603 1190 3657 aliena
1212 3604 1276 3655 sunt
1296 3620 1361 3671 pro·

216 3687 315 3754 pterea
333 3686 408 3754 quod
426 3704 524 3755 specus
542 3703 598 3740 non
617 3688 660 3740 est
679 3688 727 3739 aut
749 3687 803 3740 fuit
819 3703 943 3753 unquam
965 3687 1015 3740 sub
1038 3687 1084 3740 via
1102 3687 1173 3741 arcis
1195 3687 1244 3740 ubi
1265 3687 1361 3740 sedem

217 3769 316 3823 habuit
333 3770 459 3840 Panagia
477 3778 500 3826 8.
536 3770 597 3824 Etsi
619 3771 671 3824 iste
695 3787 775 3823 suum
797 3787 942 3823 numerum
966 3778 997 3824 12
1020 3771 1048 3824 in
1072 3773 1143 3825 arcis
1165 3771 1305 3825 radicibus
1324 3772 1362 3825 ad

219 3855 317 3907 urbem
335 3856 515 3923 vergentibus
531 3853 637 3923 posuit,
656 3869 712 3907 non
729 3855 865 3921 seqnitur,
882 3855 915 3908 ut
930 3855 1016 3909 situm
1028 3856 1169 3925 Panagiae
1188 3861 1203 3909 8
1221 3856 1360 3924 significa-

218 3938 297 3992 verit.
342 3941 401 3992 Imo
427 3955 493 3993 vero
519 3955 652 4006 magnam
677 3938 754 3991 illam
780 3939 952 4007 speluncam,
980 3959 1051 4009 quac
1079 3943 1129 3994 sub
1158 3957 1222 3993 aroc
1248 3942 1305 3994 fere
1332 3941 1360 3992 in

216 4040 244 4088 n.
258 4029 290 4075 27
308 4025 420 4077 nostrae
438 4023 551 4077 tabulae
570 4023 703 4086 cernitur,
721 4023 856 4092 Apollinis
874 4027 903 4077 01
918 4025 1060 4093 Panagiac
1077 4026 1234 4079 nominibus
1252 4026 1362 4080 videtur

220 4106 376 4173 decorasse;
407 4125 490 4174 quam
518 4107 678 4176 speluncam
705 4107 824 4161 Creusae
852 4109 970 4178 Sponius
1002 4127 1111 4178 quoque
1143 4110 1258 4165 vocavit.
1304 4111 1361 4164 1110

219 4193 314 4245 autem
337 4192 408 4244 alter
427 4191 561 4245 Guilletus
583 4193 632 4245 aut
653 4191 732 4260 peior
755 4192 876 4247 Gnilleto
899 4194 1028 4261 indignus
1051 4193 1094 4246 cui
1118 4196 1233 4247 multum
1258 4211 1362 4263 operae

220 4275 308 4329 detur.
