2872 4876
111 278 132 342 6
628 274 719 345 Caput
733 274 753 328 1.

112 442 306 512 coniiciendi
328 440 459 508 licentia
480 439 607 523 vitetur,
630 459 693 522 qua
706 436 846 502 Pittacas
868 437 902 500 in
917 436 1065 520 antiquae
1079 436 1174 500 urbis
1192 437 1279 502 locis

114 543 305 612 definiendis
328 544 470 606 versatus
493 544 550 605 est.

199 661 277 726 Tres
306 661 404 745 igitur
433 681 543 724 causas
571 659 663 724 video
693 681 749 722 cur
776 658 917 722 ecclesiis
947 656 1216 722 Christianorum
1247 663 1281 724 et

112 763 320 832 nominandis
350 765 382 826 et
410 762 444 825 in
474 761 583 825 tabula
609 759 825 825 describendis
858 781 987 843 operam
1015 759 1089 822 dare
1119 763 1282 844 oporteat

113 865 327 951 antiquarios3
354 864 493 948 primum
517 863 601 946 quod
630 862 684 945 qui
706 863 832 926 noverit
854 862 933 925 situs
956 861 1081 925 aedium
1103 883 1280 928 sacrarum

113 990 195 1055 quae
225 966 336 1031 Turcis
369 965 577 1050 regnantibus
608 962 746 1027 Athenis
777 964 921 1047 fuerunt,
955 963 1065 1026 rubem
1094 963 1280 1049 (veterem,

115 1092 195 1155 quae
218 1069 374 1132 1111101110
397 1089 446 1130 an.
473 1066 568 1151 1821)
591 1065 717 1129 noverit
738 1069 832 1148 atque
853 1065 984 1128 habebit
1006 1085 1068 1147 quo
1091 1065 1141 1128 uti
1163 1069 1282 1149 possit

114 1171 155 1237 ad
183 1173 253 1235 loca
286 1168 374 1235 urbis
402 1166 600 1252 designanda
633 1166 672 1230 de
700 1166 814 1250 quibus
841 1166 996 1251 disputat3
1031 1166 1148 1230 deinde
1187 1171 1282 1253 quod

114 1273 282 1339 titulorum
311 1270 450 1336 editores
472 1270 544 1334 1000
572 1268 702 1333 definire
724 1269 830 1332 solent
858 1268 982 1332 aedium
1004 1266 1143 1332 maxime
1167 1293 1280 1336 sacra-

114 1397 187 1440 rum
220 1373 420 1455 nominibus,
455 1392 590 1455 quorum
617 1371 724 1434 nullus
754 1372 803 1434 est
830 1391 923 1453 usna,
958 1371 984 1432 si
1012 1370 1184 1454 ignoratur
1221 1375 1282 1456 qui

116 1476 239 1540 dicatur
267 1474 362 1557 situs,
395 1472 530 1556 denique
559 1472 643 1556 qnod
677 1493 743 1536 non
770 1471 865 1555 plane
897 1471 1090 1556 negligenda
1122 1476 1177 1536 est
1213 1475 1282 1538 ista

116 1577 226 1662 opinio
254 1573 501 1638 Atheniensium
529 1573 753 1638 similitudines
788 1573 989 1656 antiquarum
1025 1575 1057 1636 et
1090 1575 1280 1641 recentium

116 1676 243 1744 aedium
266 1675 527 1740 consectantium.

200 1794 364 1861 Ecclesiae
398 1798 504 1858 autem
531 1793 793 1876 Atheniensium,
824 1815 957 1877 quarum
984 1793 1116 1856 nomina
1149 1797 1205 1860 vel
1242 1799 1280 1862 111

117 1898 261 1983 Corpore
283 1896 532 1981 inscriptionum
556 1894 609 1960 Gr.
639 1895 766 1959 aliunde
795 1899 925 1979 accepta
953 1887 1126 1958 alicnmtru
1154 1899 1210 1961 vel
1242 1900 1280 1964 in

117 2001 245 2085 scriptis
265 1998 411 2082 Pittacis,
435 1998 489 2081 qui
511 1997 579 2080 ipse
600 1997 729 2061 videbat
744 1999 799 2060 aut
813 1997 943 2081 viderat,
966 2004 1279 2086 commemorantur,

116 2102 288 2186 pleraeque
309 2120 395 2163 nunc
416 2099 535 2161 frustra
556 2098 591 2160 in
612 2098 690 2160 urbe
705 2101 908 2181 quaeruntur.
951 2098 1037 2163 Nam
1058 2102 1279 2185 posteaquam

117 2200 239 2265 Turcae
270 2200 362 2263 annis
386 2198 467 2263 1821
491 2219 559 2281 sqq.
583 2196 728 2262 Athenas
750 2201 931 2284 vastarunt,
960 2200 1081 2264 dirutae
1110 2205 1192 2267 tunc
1222 2228 1276 2271 ec-

118 2300 233 2366 clesiae
253 2321 321 2366 non
347 2299 451 2364 solum
480 2320 548 2363 non
578 2319 688 2362 omnes
716 2304 886 2365 renovatae
912 2305 1001 2384 sunt,
1031 2302 1086 2365 sed
1114 2326 1277 2372 numerus

118 2401 243 2468 aedium
267 2393 542 2484 aedicularumque
565 2422 661 2483 quum
686 2402 783 2466 nimis
811 2425 947 2487 magnus
976 2407 1008 2467 et
1036 2427 1149 2487 parum
1179 2410 1277 2475 utilis

119 2525 187 2568 esse
209 2502 378 2585 videretur,
401 2502 562 2566 decretum
577 2502 697 2567 factum
719 2506 1032 2588 estantean.1840,
1055 2509 1091 2569 ut
1111 2528 1182 2571 non
1198 2512 1277 2594 plus

119 2604 286 2670 duodecim
309 2604 460 2669 ecclesiae
482 2606 589 2668 essent
610 2604 765 2688 Athenis,
795 2628 884 2669 sacra
905 2606 1032 2689 publice
1054 2607 1202 2674 facerent
1226 2634 1277 2678 sa-

118 2707 261 2772 cerdotes
284 2710 349 2771 tres
372 2709 404 2770 et
424 2706 555 2792 viginti3
583 2707 655 2792 plus
678 2708 882 2793 septuaginta
909 2711 1014 2771 autem
1037 2712 1072 2772 ut
1094 2709 1278 2779 demolien-

117 2809 175 2874 dae
197 2809 378 2874 locarentur
404 2830 502 2892 eaque
523 2810 656 2874 materia
678 2810 712 2873 in
733 2832 925 2874 samarcam
945 2813 1201 2893 comportaretur
1217 2819 1279 2883 ubi

118 2911 323 2993 metropolim
350 2909 503 2973 maiorem
530 2913 607 2973 tunc
636 2911 794 2974 condituri
822 2912 961 2997 eraut*).
990 2949 1033 2959 -
1059 2911 1173 2996 Itaque
1205 2921 1277 3002 ple-

117 3030 232 3092 raeque
255 3031 334 3092 quae
356 3010 485 3073 fuerunt
500 3008 651 3073 ecclesiae
666 3010 787 3074 deletae
810 3014 843 3074 et
861 3013 1002 3077 sublatae
1025 3017 1108 3098 sunt,
1132 3017 1278 3086 aliarum

118 3109 294 3194 parietinae
316 3112 443 3175 exstant
464 3112 497 3175 et
517 3110 677 3194 visuntur,
705 3112 784 3177 aliae
811 3113 955 3200 integrae
982 3119 1115 3179 manent
1142 3123 1201 3184 aut
1226 3146 1277 3188 re-

119 3215 255 3275 novatae
285 3215 317 3276 et
343 3211 507 3296 pulchrius
536 3216 714 3277 exornatae.
759 3214 863 3290 Quare
892 3217 920 3281 si
942 3218 1012 3300 quis
1034 3218 1069 3280 in
1090 3221 1278 3291 tractandis

119 3312 322 3396 antiquorum
349 3312 596 3378 Atheniensium
628 3315 889 3400 inscriptionibus
922 3318 1032 3383 haeret
1067 3322 1099 3381 et
1130 3324 1280 3412 ambigit

119 3413 174 3478 ubi
196 3413 261 3478 sint
283 3435 338 3478 eae
361 3414 453 3479 aedes
475 3418 606 3500 propter
627 3438 705 3501 quas
727 3423 869 3503 repertae
897 3442 966 3484 esse
988 3420 1149 3502 dicautur,
1179 3432 1277 3494 vetu-

119 3515 254 3580 stiorum
276 3516 413 3580 maxime
428 3516 600 3602 volumina,
623 3517 861 3606 descriptiones
884 3521 1152 3605 adumbrationeS,
1176 3529 1277 3596 tabu-

118 3616 168 3681 lae
201 3620 276 3681 sunt
310 3617 501 3681 evolvendae
533 3623 748 3705 apparatuque
779 3644 846 3686 non
874 3623 988 3708 exiguo
1017 3645 1097 3707 opus
1131 3627 1195 3689 erit
1231 3634 1278 3697 ad

119 3717 342 3803 cognoscenda
369 3717 494 3783 aedium
521 3721 652 3785 nomina
680 3725 713 3786 et
738 3724 837 3806 situs,
865 3726 1015 3807 quoniam
1043 3747 1137 3789 nemo
1167 3730 1278 3798 edidit

118 3819 260 3884 tabulam
281 3819 378 3903 urbis,
402 3842 463 3904 qua
484 3843 594 3887 omnes
617 3824 764 3888 ecclesias
788 3827 1059 3908 complecteretur.

202 3937 272 4003 Nos
299 3939 399 4024 igitur
426 3961 521 4024 quam
546 3942 684 4025 plurima
714 3943 875 4024 potuimus
902 3946 1033 4008 nomina
1060 3946 1275 4020 ecclesiarum

121 4038 307 4122 collegimus
330 4044 423 4125 atquc
445 4064 574 4127 operam
596 4044 739 4109 dedimus
767 4047 804 4107 ut
825 4045 903 4109 situs
926 4068 1034 4110 earum
1057 4069 1273 4132 cognoscere-

188 4307 213 4375 *l
230 4308 410 4368 Aldenhovcn
427 4314 554 4368 itinerar.
574 4331 601 4383 p.
623 4319 661 4366 14.

55 4462 222 4552 A
