2872 4876
451 1144 453 1149 .
582 1170 702 1266 Caput
732 1168 760 1243 Ι.

118 1389 171 1469 De
199 1388 367 1472 aedibus
396 1388 522 1471 sacris
551 1387 875 1470 Christianorum
901 1386 1221 1469 Atheniensium.
1342 1386 1348 1396 “

182 1608 243 1682 Qun
266 1608 413 1690 antiquae
436 1608 524 1671 urbis
546 1608 682 1672 formam
704 1609 738 1671 in
760 1608 869 1670 tabula
896 1607 1072 1670 describere
1103 1607 1240 1689 student,

95 1731 193 1791 quum
217 1730 253 1771 ea
276 1730 354 1791 qnae
371 1712 492 1772 veteres
509 1710 679 1792 scriptores
698 1709 896 1772 tradiderunt
915 1708 1038 1791 tenere,
1060 1712 1129 1771 tum
1144 1709 1242 1771 Athe-

96 1832 208 1872 narum
231 1832 310 1892 quae
333 1813 508 1873 nunc‘sunt
523 1811 637 1874 faciem
653 1811 796 1895 quamvis
811 1813 966 1873 unutatam
982 1810 1099 1872 intueri
1115 1809 1239 1873 debent.

93 1912 177 1975 Nam
199 1912 330 1975 flumina
358 1915 390 1976 et
417 1913 538 1996 fontes,
568 1915 665 1977 valles
695 1916 727 1975 et
753 1916 894 1994 montes,
923 1913 1020 1994 plana
1049 1914 1081 1973 et
1109 1910 1243 1974 declivia

92 2014 162 2076 loca
185 2036 264 2097 quae
286 2014 415 2077 fuerumt
422 2065 431 2098 ,
458 2015 519 2078 hac
542 2037 666 2098 quoque
695 2017 797 2078 aetate
825 2017 957 2077 manent
981 2012 1106 2095 locique
1128 2015 1242 2075 natura

92 2115 217 2199 integra
239 2119 288 2178 est
310 2119 343 2178 et
364 2116 543 2199 incolumis,
566 2117 629 2179 nisi
650 2116 734 2200 quod
755 2115 944 2200 fragmentis
960 2114 1136 2177 deletorum
1159 2113 1241 2176 aedi-

92 2216 235 2280 ficiorum
263 2218 297 2280 in
328 2219 398 2281 loco
427 2217 619 2300 iacentibus,
648 2218 745 2281 humo
769 2221 915 2302 aggesta,
944 2217 1072 2300 pulvere
1096 2216 1240 2297 collecto,

92 2318 162 2380 aliis
191 2322 285 2401 atque
314 2320 384 2382 aliis
412 2321 446 2383 in
473 2341 558 2383 nova
587 2319 751 2402 superficie
781 2319 950 2382 exstructis
978 2317 1108 2380 aedibus
1138 2318 1242 2380 solnm

93 2423 320 2502 exaggeratum
344 2424 399 2483 est.
446 2421 533 2495 Quae
555 2443 640 2484 nunc
668 2423 794 2484 exstant
822 2423 877 2483 aut
899 2419 1092 2483 effodiuntur
1113 2419 1241 2501 parieti-

92 2541 152 2580 nae
176 2517 379 2601 antiquorum
401 2521 627 2604 aedificiorum,
650 2522 862 2603 theatrorum,
885 2521 1047 2583 moenium
1069 2521 1156 2603 ipsae
1180 2520 1242 2583 sibi

93 2620 199 2681 locum
222 2619 393 2702 designant
415 2621 701 2703 describendaeque
730 2623 804 2682 sunt
831 2620 866 2682 in
892 2621 1001 2682 tabula
1027 2641 1129 2683 novae
1151 2621 1239 2683 urbis

94 2724 264 2804 antequam
293 2705 462 2802 descriptio
491 2722 639 2803 antiquae
667 2718 844 2782 inchoatur.
889 2718 1000 2802 Itaque
1024 2718 1169 2783 Sinartus
1196 2720 1242 2783 id-

94 2823 178 2885 circo
200 2844 316 2906 parens
340 2824 372 2884 et
394 2822 540 2885 conditor
563 2820 793 2906 topographiae
808 2820 1008 2891 Athenarum
1029 2821 1242 2884 nominandus

94 2928 151 3007 cst,
175 2924 260 3008 quod
284 2945 330 3006 ea,
354 2945 434 3006 quae
456 2924 588 3006 viderat,
611 2924 741 2986 vallium
764 2926 796 2986 et
816 2922 975 2985 montium
998 2922 1077 2985 situs
1084 2971 1093 3003 ,
1115 2922 1241 3006 parieti·

92 3049 149 3088 nas
172 3049 251 3110 qnae
268 3029 345 3088 tunc
369 3025 509 3111 (saeculo
526 3024 638 3088 XVIII
651 3029 727 3108 post
742 3023 831 3112 chr.)
855 3028 954 3106 erant,
978 3025 1013 3087 in
1032 3024 1141 3088 tabula
1154 3025 1242 3098 urbis

93 3129 209 3212 posuit,
233 3150 312 3212 quae
335 3149 394 3211 pro
418 3127 625 3191 fundamento
650 3130 747 3210 esset,
770 3127 804 3189 in
826 3148 888 3209 quo
912 3148 966 3189 eae
989 3147 1113 3209 quoque
1135 3130 1241 3209 partes

95 3230 242 3312 antiquae
264 3229 353 3292 urbis
370 3251 503 3313 quarum
518 3228 670 3311 reliquiae
685 3250 752 3291 non
768 3230 937 3310 exstarent,
962 3227 1143 3291 coniectura
1158 3227 1242 3294 facta

96 3330 328 3411 quodammodo
354 3332 621 3394 construerentur.

180 3430 218 3492 Id
239 3433 343 3514 ipsum
366 3436 472 3496 autem
495 3431 579 3516 quod
603 3431 668 3494 dixi
691 3432 718 3495 si
741 3432 791 3495 cui
811 3430 1011 3514 propositum
1033 3430 1137 3513 fuerit,
1161 3429 1241 3493 anti-

97 3554 159 3615 qua
186 3531 329 3595 aedificia
358 3554 437 3615 quae
471 3534 634 3617 perierunt
663 3532 856 3617 investigare
885 3535 978 3615 atque
1010 3531 1065 3595 ubi
1098 3533 1242 3595 locorum

96 3633 215 3697 fuerint
238 3633 465 3716 demonstrare,
487 3657 553 3698 non
576 3635 838 3718 acquiescendum
861 3635 921 3697 erit
941 3634 977 3696 in
998 3634 1037 3696 iis
1060 3655 1139 3717 quae
1155 3632 1242 3696 dedit
1291 3644 1294 3652 ’

97 3736 251 3800 Stuartus.
296 3734 380 3800 Nam
409 3735 436 3797 is
464 3736 527 3799 loci
548 3740 694 3800 naturam
722 3736 891 3821 expressit,
922 3735 1095 3819 parietinas
1117 3735 1240 3818 posuit:

96 3838 204 3901 omisit
225 3859 343 3901 novam
364 3838 485 3920 urbem,
509 3824 601 3920 quain
624 3839 794 3923 diligenter
816 3838 1008 3921 descriptam
1022 3836 1139 3899 habere
1162 3858 1241 3920 opus

96 3942 152 4003 est.
197 3939 327 4002 Etenim
350 3940 377 4002 si
400 3939 487 4003 cuius
503 3939 637 4002 aedificii
653 3941 749 4003 situm
772 3939 810 4002 de
832 3961 893 4022 qno
911 3938 1072 4002 dubitatur
1086 3939 1240 4021 reperisse
1347 4009 1349 4013 ,

95 4041 155 4103 tibi
176 4041 338 4125 videbere,
362 4041 416 4124 qni
438 4040 558 4124 poteris
581 4041 797 4104 demonstrare
820 4041 890 4103 aliis
913 4039 975 4127 nisi
997 4039 1180 4122 pernoveris
1204 4061 1240 4103 ea

96 4163 175 4224 qnae
197 4166 283 4207 nunc
305 4144 349 4205 ibi
373 4146 448 4205 sunt
470 4145 502 4205 et
524 4142 750 4226 sigmficaveris
773 4143 812 4205 iis
827 4140 1010 4204 nominibus
1027 4141 1140 4222 quibus
1155 4161 1240 4203 nunc

96 4247 227 4306 utnmtur
248 4244 416 4307 homines?
440 4247 476 4306 ut
497 4244 699 4328 gymnasium
713 4242 869 4306 Hadriani
885 4241 969 4305 dices
991 4241 1035 4304 ibi
1050 4241 1147 4304 fuisse
1164 4241 1240 4302 olim
1302 4315 1305 4319 ,

122 4356 286 4404 Mommsen,
299 4356 406 4395 Athenae
420 4355 512 4402 eumen,
1020 4353 1035 4407 1
