2880 4868
193 281 235 346 58
293 256 297 261 ’
691 286 781 356 aaut
796 286 841 340 1x.

194 450 302 513 nescio
336 472 377 512 an
409 449 560 512 meudruu
592 449 647 534 sit3
684 449 872 513 correxeris:
904 449 1045 532 Prmugia
1077 448 1205 532 Petriti‚
1243 472 1345 534 quam

195 550 396 634 cognominis
429 551 564 614 formam
598 549 810 615 Schaubertus
849 555 881 615 et
912 551 1050 614 Pittacas
1083 551 1245 635 praebent.
1301 551 1344 616 In

196 651 280 714 illius
308 651 416 714 tabula
445 655 507 715 est:
541 654 710 718 ΠΕΤΡΙΤΗ
742 654 864 737 ΝΑΟΣ,
897 653 932 716 in
957 651 1050 716 huius
1078 652 1188 737 Antiq.
1216 652 1341 719 Athen.

192 774 223 835 p.
249 752 325 816 188:
348 752 449 817 sainte
472 752 571 818 Maria
594 752 778 839 Petritee*).

649 925 713 1000 Ἁγ.
738 925 874 1002 Μαρῑνα.

278 1055 379 1120 Trans
407 1056 535 1121 Ilissum
563 1058 720 1142 Leakeus‚
753 1059 787 1122 iu
814 1059 977 1143 utriusque
1005 1058 1090 1123 Edit.
1120 1058 1261 1144 Topogr.
1290 1064 1341 1125 ta·

192 1158 267 1220 bula
294 1156 340 1241 Il,
375 1157 405 1222 S.
434 1157 575 1223 Marinae
604 1160 768 1224 ecclesiam
797 1160 989 1244 designavit,
1023 1160 1062 1223 ab
1092 1160 1261 1244 Olympico
1297 1162 1341 1226 ad

191 1259 355 1324 meridiem
378 1282 501 1342 versus,
524 1261 577 1324 ubi
600 1261 736 1325 Eucleaa
758 1261 912 1345 templum
934 1261 1031 1324 fuisse
1054 1261 1240 1345 suspicatur.

276 1360 367 1436 Quod
390 1361 424 1424 in
447 1360 565 1425 Stuarti
588 1362 697 1445 Antiq.
720 1361 770 1425 ΙΙΙ
792 1385 822 1446 p.
846 1361 876 1426 V
899 1362 1047 1426 scribitur
1068 1384 1186 1426 nomen
1208 1362 1337 1449 Hagiae

193 1461 311 1525 Mariae
334 1462 449 1526 falsum
472 1484 540 1526 esse
563 1463 684 1545 iudice,
708 1463 782 1546 quia
804 1463 916 1527 Graeci
932 1463 1105 1528 Christiani
1120 1464 1218 1528 aedes
1241 1467 1341 1530 matri

192 1562 312 1628 Christi
335 1562 494 1627 dedicatas
516 1585 583 1627 non
604 1565 649 1627 ita
671 1564 776 1628 solent
797 1565 971 1629 nominare.
1002 1564 1077 1630 Sine
1100 1565 1195 1629 dubio
1219 1567 1341 1632 excidit

192 1664 284 1728 litera
305 1687 342 1746 n,
366 1666 402 1727 ut
424 1664 467 1728 sit
488 1664 594 1751 Hagia
616 1666 806 1752 Marina**).

649 2092 774 2191 Caput
798 2092 867 2165 IX.

192 2291 391 2374 Ecclesiae
415 2312 540 2392 propa
563 2291 865 2374 monumentum
888 2292 1107 2395 Lysicratis
1132 2295 1174 2375 et
1199 2315 1339 2377 arcum

590 2426 785 2510 Hadriani
813 2426 928 2510 sitae.

517 2750 741 2829 Μοναετήριον
762 2756 828 2817 τῶν
851 2751 1008 2816 Δυτικῶν.

280 2883 464 2968 Hospitium
504 2883 738 2967 Capucinorum
774 2884 1088 2969 francogallicorum‚
1128 2891 1337 2951 monumento

192 2983 364 3065 Lysicratis
388 2984 554 3048 continens
584 2988 615 3047 et
643 2986 800 3066 iunctum,
829 3006 912 3048 anno
937 2985 1016 3063 1827
1048 2985 1208 3071 integrum
1236 2986 1338 3051 fuisse

191 3082 380 3166 Labordius,
403 3086 438 3147 in
458 3084 576 3148 Athen.
599 3084 615 3148 I
636 3107 667 3167 p.
684 3086 724 3149 76
747 3086 963 3168 not.,'auctor
985 3089 1047 3168 est,
1070 3109 1107 3150 eo
1131 3109 1214 3151 anno
1236 3088 1338 3153 Athe-

192 3207 249 3248 nas
271 3186 441 3267 profectua
487 3185 566 3250 Erat
594 3189 699 3249 autam
726 3187 789 3250 tale
817 3191 946 3271 aspectu
969 3187 1060 3271 quala
1088 3209 1126 3251 ax
1153 3188 1262 3252 tabula
1285 3212 1338 3255 ve-

191 3286 325 3350 tustiore
349 3287 412 3374 (an.
438 3287 518 3352 1758
541 3286 843 3372 facta)'exprassum
872 3289 899 3352 is
923 3289 1022 3352 edidit
1043 3289 1077 3352 in
1098 3289 1337 3356 Additamentis

191 3470 360 3539 aedificium,
380 3472 424 3526 cui
441 3471 517 3526 Petri
534 3487 636 3526 nomen
654 3472 701 3540 sit,
724 3491 741 3528 a
758 3474 897 3544 plerisque
919 3489 971 3542 pro
993 3473 1099 3543 templo
1121 3473 1260 3528 minorum
1277 3494 1338 3546 my·

191 3556 338 3612 steriorum
360 3554 466 3611 haberi.
507 3554 595 3610 Iidem
617 3574 665 3611 cur
686 3556 841 3627 Panagiam
864 3557 1043 3624 sacraverint,
1070 3573 1126 3611 non
1152 3557 1254 3625 liquet,
1284 3560 1339 3616 nisi

191 3642 262 3696 forta
288 3643 402 3711 praeter
427 3641 582 3710 Panagiam
608 3641 800 3696 Patriotissam
826 3643 910 3696 aliam
935 3642 1028 3712 placat
1054 3641 1090 3695 ad
1116 3642 1224 3695 Ilissum
1250 3643 1338 3700 fuisse

191 3725 352 3794 Panagiam.
388 3725 457 3778 Mihi
475 3724 586 3792 quidem
604 3726 692 3781 videri
714 3727 845 3780 mendum
863 3743 922 3781 asse
940 3726 968 3779 in
987 3726 1025 3780 ais
1042 3725 1147 3792 verbis,
1166 3743 1250 3795 supra
1269 3728 1336 3784 dixi.

276 3811 301 3877 *l
319 3809 429 3863 Etenim
446 3809 719 3866 Franco-Gallorum
741 3827 867 3864 sermone
889 3809 1010 3865 Pittacas
1029 3811 1127 3876 utitur;
1151 3827 1199 3864 suo
1223 3811 1247 3864 si
1270 3831 1338 3868 usus
1396 3856 1404 3867 .

192 3895 265 3949 esset
275 3895 423 3960 Παναγίαν
436 3899 464 3948 at
475 3913 531 3949 non
542 3895 660 3949 Mariam
672 3894 805 3949 vocasset.
833 3895 872 3948 Cf.
886 3912 957 3963 quae
970 3895 1130 3963 sequuntur,
1143 3897 1200 3961 Ἁγ.
1213 3898 1338 3965 Μαρῖνα.

261 3979 302 4045 **)
320 3978 405 4033 Error
423 3980 529 4046 autem,
547 3981 578 4033 ut
595 3980 653 4033 fare
671 3980 713 4044 fit,
733 3994 855 4032 errorem
873 3978 976 4047 genuit.
1012 3979 1085 4033 Nam
1106 3979 1136 4031 in
1158 3979 1271 4047 tabula,
1296 3982 1336 4038 ib.

188 4063 256 4132 post
272 4081 299 4132 p.
318 4062 369 4129 VI,
386 4062 500 4132 legitur:
523 4064 659 4132 templum
681 4061 798 4116 forsitan
818 4062 952 4132 Panopis,
974 4080 1046 4117 nunc
1070 4063 1187 4118 Sanctae
1209 4063 1339 4134 Virginis

190 4146 321 4201 Ecclesia.
364 4146 439 4212 Quae
462 4146 579 4202 ecclesia
602 4148 652 4200 atsi
667 4146 750 4215 'apud
773 4145 916 4200 Stuartum
938 4147 1032 4217 paullo
1054 4147 1169 4217 propius
1192 4149 1276 4204 abest
1299 4153 1338 4206 ab

191 4230 301 4298 Stadia,
320 4249 404 4299 quam
420 4231 443 4285 is
466 4233 542 4285 locus
559 4231 723 4285 Laalraanaa
745 4231 870 4296 tabulae,
894 4231 941 4283 ubi
960 4231 1078 4285 Sanctae
1101 4231 1226 4286 Marinae
1251 4234 1339 4291 aedas

191 4316 246 4383 est,
264 4317 359 4371 tamen
377 4315 526 4384 utrubique
545 4332 629 4370 unum
648 4316 676 4369 at
694 4315 812 4370 eundem
829 4315 920 4368 locum
938 4314 993 4369 dici
1010 4315 1143 4370 existimo.
