2872 4876
212 280 253 344 72
714 283 804 353 Caput
818 282 851 337 X.

211 450 374 533 antiquam
398 448 481 512 viam
503 446 692 532 Tripodum,
721 470 816 531 quam
843 470 862 510 a
884 454 1053 531 prytaneo,
1082 449 1102 511 i.
1126 471 1152 511 e.
1182 471 1203 511 1
1229 451 1358 512 nostrae

212 552 338 616 tabulae
366 550 507 614 numeris
528 551 549 614 6
576 554 609 614 et
629 551 672 614 90
692 550 852 633 pertinere
874 549 942 613 vult
963 549 1002 613 ad
1024 549 1192 614 Lenaeum.
1237 549 1358 613 Eadem

213 655 247 718 in
269 653 388 737 pagum
412 653 472 715 166
495 653 661 716 subiicitur
682 652 803 716 mentio
826 650 857 715 S.
873 650 1020 734 Ioannis,
1043 675 1061 714 a
1084 652 1172 715 euius
1188 651 1264 714 sede
1280 674 1358 734 quae

214 777 313 840 prope
336 754 425 817 abest
447 755 498 818 via
519 776 604 819 nunc
626 755 757 838 antiquo
779 753 908 817 nomine
930 753 1067 838 insignis
1096 756 1153 816 est.
1198 752 1358 816 Nimirum

215 857 300 922 docti
322 855 467 920 homines
490 856 597 920 etalii
619 860 652 920 et
673 857 820 938 inprimis
842 859 878 918 ut
899 857 1015 939 opinor
1029 855 1168 918 Pittnces
1190 859 1359 918 suasenmt

214 963 251 1023 ut
272 951 496 1022 inscriberetur
517 959 643 1042 publice
657 958 742 1042 quod
764 959 799 1022 in
814 958 962 1042 compitis
977 957 1094 1042 legitur
1109 977 1229 1020 nomen
1244 959 1357 1023 ΟΔΟΣ

215 1060 435 1128 ΤΡΙΠΟΔΩΝ.

724 1160 765 1225 Ν.
789 1161 839 1225 75.

698 1282 873 1360 Χριετόε.

298 1420 373 1484 Fuit
402 1419 485 1482 inter
515 1416 713 1480 Demetrium
741 1414 952 1499 Catephorem
983 1419 1015 1478 et
1042 1414 1198 1479 Ioarmem
1225 1415 1356 1480 Theolo-

214 1546 291 1608 gum
298 1573 307 1604 ,
330 1524 364 1586 in
386 1519 534 1603 compitis
556 1519 678 1591 viarum
700 1517 813 1600 Lysiae
835 1521 868 1581 et
889 1516 1070 1581 Erechthei.

299 1623 469 1689 ΠΑΝΑΓΙΑ
492 1619 675 1684 Scheubert.
699 1658 741 1667 -
763 1619 912 1683 Erratum
934 1620 1070 1683 fortasse
1093 1619 1127 1682 in
1149 1620 1290 1684 nomine.

299 1725 342 1789 29
364 1724 512 1800 Παναγία
533 1722 676 1807 Lithogr.
700 1722 912 1786 Monacensis,

301 1825 436 1911 Signum
458 1825 526 1888 sine
548 1845 680 1888 numero
703 1824 800 1887 habet
821 1823 964 1909 Lithogr.
988 1823 1207 1888 Atheniensis.

300 1927 491 2011 Exemplum
513 1927 639 1991 tabulae
659 1924 871 2011 Lithogrsphi
885 1925 1092 1991 Atheniensis
1115 1926 1249 1990 missum
1272 1948 1291 1988 a
1312 1947 1358 1987 me

216 2030 375 2112 Athenas,
405 2029 440 2092 in
466 2050 529 2113 quo
557 2028 716 2113 Panagise
743 2050 862 2092 nomen
889 2029 934 2092 ibi
962 2028 1165 2111 scripseram,
1189 2026 1358 2091 Schauber-

207 2137 286 2220 tum
309 2136 341 2196 et
362 2131 556 2194 imitatorem
578 2130 645 2193 eius
674 2132 815 2210 secutus,
844 2131 889 2193 ita
916 2131 1117 2194 emendatum
1139 2129 1359 2193 Kohlmannus

218 2232 353 2314 remisit,
381 2235 417 2294 ut
444 2253 502 2314 pro
530 2230 673 2315 Panagia
700 2228 847 2295 Christus
876 2233 1065 2296 substitutus
1093 2236 1191 2314 esset,
1222 2231 1360 2316 Panagia

218 2334 430 2418 propinquam
460 2331 602 2415 quidem,
631 2331 686 2396 sed
714 2331 808 2394 aliam
837 2332 944 2397 sedem
971 2333 1111 2398 haberet.
1162 2332 1275 2416 Itaque
1308 2354 1360 2416 per

219 2437 326 2501 literas
343 2433 455 2518 rogavi
477 2433 607 2516 iterum,
630 2437 666 2497 ut
688 2434 918 2517 exquireretur,
946 2440 1016 2499 uter
1044 2436 1123 2499 situs
1150 2458 1244 2498 verus
1273 2436 1360 2515 esset,

220 2543 313 2623 utque
336 2535 553 2605 controversia
574 2538 827 2619 componeretur.
860 2537 1039 2620 Respondit
1052 2537 1278 2601 Kohlmannus
1300 2558 1362 2600 non

218 2662 313 2727 posse
337 2637 474 2703 dubitari
496 2637 574 2722 quin
597 2637 717 2704 Christi
746 2638 838 2704 aedes
867 2639 913 2704 ibi
935 2639 983 2724 (in
1004 2661 1035 2703 n.
1060 2638 1114 2725 75)
1137 2639 1249 2724 fuerit3
1274 2660 1361 2723 quae-

220 2743 330 2808 sivisse
362 2763 395 2805 se
424 2763 443 2804 1
469 2738 509 2805 Ι).
537 2740 688 2824 Pentase,
722 2742 776 2825 qui
806 2741 935 2805 emisset
963 2741 1113 2824 fundum,
1145 2741 1199 2803 ubi
1235 2740 1363 2805 ecclesia

220 2843 376 2910 Demetrii
396 2840 585 2927 Catephoris
609 2842 736 2925 fuisset,
754 2847 786 2907 et
807 2865 892 2907 nunc
913 2842 1105 2926 possideret,
1125 2842 1247 2906 editore
1262 2842 1362 2926 Ephe·

220 2945 377 3011 meridum
404 2952 470 3012 τῶν
492 2945 700 3027 Φιλομαθῶν;
733 2966 769 3008 11
797 2945 866 3008 viro
897 2966 988 3009 usum
1018 2967 1051 3008 se
1079 2966 1147 3008 esse
1176 2947 1306 3008 auctore
1332 2943 1364 3006 in

95 3064 97 3069 ·
222 3045 419 3112 emendanda
440 3042 501 3110 hac
521 3047 612 3129 porte
634 3044 760 3110 tabulae
772 3045 812 3132 *)

726 3231 773 3317 ⁸N.
798 3233 848 3298 76.

654 3354 803 3429 Παναγία
824 3354 930 3434 Ζώνη.

307 3486 371 3553 Ubi
398 3487 556 3571 Pansgiae
579 3487 682 3552 Zones
710 3488 819 3553 aedem
847 3489 1098 3573 designavimus,
1127 3489 1211 3554 inter
1239 3495 1365 3555 nostrae

222 3590 349 3656 tabulae
376 3611 526 3653 nmneros
555 3590 595 3654 75
623 3594 655 3654 et
683 3591 722 3655 77
751 3590 966 3673 interiectam,
1000 3591 1045 3654 ibi
1072 3613 1167 3655 nemo
1201 3592 1366 3657 ecclesiam

222 3692 320 3756 fuisse
354 3691 464 3755 scribit
496 3691 559 3754 nisi
592 3691 824 3755 Kohlmannus.
876 3691 908 3754 Is
942 3696 1064 3776 narrat,
1098 3693 1250 3757 ecclesiae
1284 3715 1366 3758 nunc

224 3794 345 3858 dirutos
378 3815 450 3857 eum
483 3792 589 3857 locum
622 3792 670 3878 (in
702 3815 733 3855 n.
765 3792 819 3878 76)
854 3794 1009 3878 assignari
1042 3816 1060 3857 1
1093 3795 1223 3879 vicinis,
1261 3796 1366 3860 addito

224 3896 414 3981 cognomine
437 3894 555 3977 Zones,
578 3894 662 3978 quod
684 3894 883 3978 praescripsi.

308 4081 333 4148 *)
357 4079 417 4135 Etsi
440 4080 648 4147 obsequendum
671 4079 737 4133 duxi
758 4079 945 4148 Kohlmanno,
972 4081 1131 4151 scrupulum
1157 4084 1254 4138 tamen
1282 4084 1368 4139 iniicit

224 4164 307 4218 index
324 4163 510 4230 Monacensis,
529 4163 603 4232 quod
621 4169 694 4218 1129
711 4165 842 4231 Παναγία
860 4165 929 4219 duos
947 4166 1016 4220 istos
1034 4184 1164 4222 numeros
1182 4174 1215 4223 25
1235 4170 1264 4224 et
1282 4175 1324 4237 26,
1340 4169 1368 4223 in

226 4247 325 4316 quihus
349 4248 537 4304 Schcubortus
560 4248 676 4315 erravit,
698 4265 754 4304 non
780 4249 905 4316 sequitur
926 4251 978 4305 nisi
998 4251 1170 4321 interpositis
1192 4254 1316 4310 numeris
1337 4259 1368 4309 27

226 4334 254 4387 ct
271 4339 312 4389 28.
349 4333 419 4389 Vide
436 4334 533 4390 notum
549 4351 577 4403 p.
597 4338 637 4387 71.
