2872 4876
489 289 630 344 Ecclesiae
644 305 732 357 prope
748 287 858 340 llissnm
876 286 953 340 sitae.
1252 280 1293 344 55

148 454 192 515 eis
216 452 276 514 tais
301 453 473 516 colonnais.
520 451 567 516 Of.
592 449 741 514 Labordii
761 448 959 512 Athenarum
981 448 1043 510 vol.
1059 447 1092 509 Π
1114 469 1145 530 p.
1164 449 1203 510 14
1224 452 1290 513 not.

147 593 188 600 —
216 552 246 617 S.
277 552 407 616 Ioarmis
441 554 484 616 ibi
518 553 615 617 fuisse
648 551 756 615 aedem
790 551 812 612 ii
845 571 968 632 quoquc
999 551 1204 632 putaverunt,
1239 551 1292 632 qui

146 654 355 739 Programma
378 654 546 718 Societatis
568 653 664 717 Arch.
689 651 806 715 Athen.
834 673 884 714 an.
911 650 989 713 1861
1026 650 1291 733 conscripserunt,

149 756 187 818 cf.
213 756 280 819 eius
303 756 376 819 libri
398 779 428 838 p.
452 756 509 838 22,
532 756 781 836 confirmantque
804 753 895 816 amici
917 751 1139 815 Athenienses,

230 875 297 939 Has
320 877 464 938 auctores
488 875 588 938 secuti
603 895 756 958 negamus
773 871 882 936 aedem
898 872 956 934 sub
973 870 1129 934 columnis
1146 870 1176 934 S.
1194 869 1291 934 Geor-

145 978 228 1062 gilla
252 979 307 1040 aut
329 976 359 1041 S.
384 975 569 1060 Nicolai*²¹‘)
593 977 647 1038 aut
669 974 699 1039 S.
724 973 944 1057 Andreac***)
968 973 1065 1036 fuisse
1089 971 1211 1054 istaque
1234 993 1290 1036 no-

146 1080 233 1142 mina
256 1082 292 1141 ut
312 1078 513 1142 traderentur
535 1098 640 1141 errore
663 1076 782 1139 factum
804 1078 961 1157 putamus

229 1196 369 1260 Nomine
390 1217 457 1260 uon
479 1195 586 1259 addito
610 1195 798 1275 Anonymus
821 1215 870 1275 ap.
887 1192 1007 1256 Fanell.
1030 1216 1060 1275 p.
1077 1195 1140 1257 313
1162 1194 1197 1257 in
1211 1193 1288 1256 urbe

145 1300 330 1362 adumbrata
352 1299 525 1361 aediculam
550 1300 625 1378 post
647 1296 809 1358 columnas
833 1295 1000 1376 expressit,
1032 1294 1072 1357 ad
1095 1317 1166 1358 eum
1188 1295 1288 1378 paric-

145 1403 283 1463 tinarmn
316 1400 468 1483 angulum
502 1398 693 1481 applicatam
722 1397 775 1480 qui
810 1396 849 1459 ad
881 1396 1046 1459 meridiem
1074 1399 1107 1459 ct
1134 1397 1289 1461 orientem

146 1505 269 1586 spectat
281 1501 325 1587 †).

234 1739 259 1805 *)
277 1739 309 1790 In
326 1734 424 1790 indicis
440 1735 553 1790 tabulae
572 1735 728 1806 Sponianae
747 1753 861 1790 numero
880 1743 912 1791 32
930 1735 1102 1805 adscriptum
1122 1736 1226 1805 legitur
1243 1755 1291 1792 no-

146 1839 210 1875 men
229 1821 254 1875 S.
276 1820 390 1890 Georgii
407 1822 457 1874 sub
476 1821 620 1887 columnis,
639 1838 707 1888 quas
726 1837 784 1875 csse
801 1820 938 1890 Olympici
957 1821 1098 1874 columnas
1115 1820 1176 1890 ipsa
1193 1822 1290 1875 tabula

146 1908 234 1960 docet.
271 1906 308 1959 At
325 1905 373 1960 illo
392 1905 453 1959 loco
472 1921 555 1974 quem
571 1905 725 1960 Lebordius
743 1904 886 1974 exscripsit
904 1905 956 1959 vol.
975 1905 1000 1957 Il
1018 1923 1046 1973 p.
1067 1911 1099 1959 14
1117 1904 1208 1974 ipsum
1222 1904 1289 1974 Spo-

144 1991 219 2045 nium
237 1991 371 2045 habemus
388 1989 429 2043 rei
446 1991 599 2056 auctorem,
622 1990 748 2046 tabulam
766 1990 860 2043 autem
883 2007 944 2043 oum
965 1989 1056 2043 indice
1078 1989 1174 2058 ipsene
1191 1989 1290 2044 feccrit

144 2095 179 2130 an
202 2076 365 2130 administro
388 2075 480 2129 nescio
503 2074 546 2129 cui
573 2075 750 2130 mandaverit
771 2074 856 2141 atquc
880 2077 910 2128 ut
931 2075 989 2128 fere
1011 2075 1043 2127 fit
1062 2074 1092 2127 in
1115 2075 1288 2129 emendando

142 2161 317 2230 negligenter
335 2161 462 2214 versatus
479 2159 527 2225 sit,
552 2176 669 2226 quarere
688 2159 753 2213 licet
770 2160 933 2229 propterea,
956 2159 1031 2225 quod
1053 2159 1119 2212 urbs
1136 2159 1185 2213 illa
1201 2160 1230 2212 in
1247 2161 1289 2213 ta-

142 2246 209 2300 bula
227 2245 367 2314 dcscripta
382 2243 529 2312 indiocquc
548 2245 687 2314 explicata
703 2245 733 2297 in
751 2244 852 2298 Itinere
870 2259 927 2296 non
940 2243 1173 2299 commemoratur
1191 2244 1288 2315 aspo-

142 2331 201 2396 nio,
221 2331 252 2383 ut
270 2330 395 2384 seiuncta
413 2347 447 2384 ea
465 2346 531 2383 cura
548 2331 597 2383 aut
615 2329 706 2383 aliena
723 2330 806 2382 fuisse
825 2329 961 2383 videatur.

210 2434 250 2500 **)
268 2431 397 2485 Absurde
419 2431 494 2485 idem
519 2430 637 2499 Sponius
664 2430 804 2484 inducitur
831 2430 952 2498 primum
980 2429 1006 2484 S.
1030 2431 1128 2485 loanni
1151 2431 1289 2500 Olympici

142 2518 211 2571 dans
238 2515 451 2586 possessionem,
475 2514 574 2568 deinde
602 2514 628 2568 S.
649 2515 784 2584 Georgio,
812 2515 930 2582 denique
954 2514 979 2568 S.
1000 2515 1124 2569 Nicolao.
1164 2515 1237 2569 Nam
1259 2516 1288 2569 in

143 2600 238 2670 Sponii
257 2599 366 2669 scriptis
384 2599 441 2667 legi
459 2599 572 2652 dicitur:
592 2599 723 2664 „Athenis
740 2599 770 2651 in
786 2599 912 2652 aedicula
924 2599 956 2652 D.
969 2598 1077 2653 Nicolai
1089 2600 1139 2652 sub
1154 2600 1287 2655 columnis

141 2684 291 2738 Hadriani“
309 2683 452 2736 inventum
470 2700 530 2736 csse
548 2683 660 2737 titulum
680 2682 707 2736 O.
726 2684 744 2734 Ι.
765 2701 792 2735 u.
811 2689 860 2736 491
878 2700 906 2751 p.
923 2688 981 2736 473.
1018 2683 1116 2749 Atqui,
1135 2686 1287 2749 quaesunt

142 2768 281 2838 Olympici
299 2767 455 2833 columnae,
473 2767 608 2820 Hadriani
626 2783 684 2821 essc
698 2764 816 2835 Sponius
835 2765 961 2819 credidit.
986 2765 1025 2818 Cf.
1039 2766 1172 2820 Labordii
1184 2769 1283 2824 Athen.

141 2856 165 2907 II
184 2873 210 2923 p.
232 2859 271 2906 14,
307 2851 438 2918 Ergo-ad
456 2849 589 2920 Sponium
608 2868 669 2905 cum
688 2849 791 2919 Sponio
809 2851 981 2919 pugnantem
1003 2851 1101 2903 tertius
1124 2867 1187 2904 cum
1209 2854 1284 2907 utro-

141 2956 195 3006 que
217 2953 345 3007 pugnans
369 2933 488 3004 Sponius
514 2935 628 2989 accedit.
672 2933 725 2987 Sed
752 2934 787 2988 de
811 2935 873 2987 loco
900 2934 949 2988 ubi
974 2933 1100 2988 inventus
1127 2935 1164 2988 sit
1190 2935 1286 2991 titulus

141 3023 312 3077 Fourmonto
336 3019 384 3087 qui
406 3020 516 3090 etipse
538 3019 620 3085 vidit,
642 3036 698 3073 non
721 3018 850 3074 convenit
872 3036 934 3072 cum
955 3035 1027 3073 novo
1050 3018 1103 3073 isto
1127 3019 1153 3073 S.
1177 3021 1285 3076 Nicolai

141 3108 266 3174 patrono.
305 3106 356 3172 „ln
378 3104 499 3174 hospitio
523 3104 746 3173 Oapucinorum“
770 3103 844 3157 enim
866 3103 1051 3157 Fourmontus
1073 3105 1184 3174 reperit.
1221 3105 1286 3161 Per-

143 3207 227 3255 quam
245 3191 365 3243 incertus
386 3190 474 3258 igitur
492 3187 631 3259 Olympici
651 3203 791 3258 possessor
810 3188 836 3242 S.
855 3188 998 3254 Nicolaus,
1023 3189 1067 3242 cui
1090 3191 1151 3256 quis
1174 3193 1285 3245 tantum

143 3273 249 3326 tribuat
272 3275 303 3326 ut
320 3273 454 3342 Sponium
472 3291 534 3328 cum
553 3272 665 3327 Carreio
684 3273 713 3325 ct
735 3272 823 3326 doctis
840 3272 906 3327 viris
928 3274 975 3340 qui
993 3291 1066 3327 nunc
1082 3274 1198 3329 Athenis
1222 3278 1286 3330 sunt

144 3355 361 3410 consentientem
378 3358 533 3426 relinquat?

193 3456 249 3523 ***)
271 3456 398 3512 Andreae
416 3476 516 3514 nomen
533 3459 655 3514 traditur
672 3459 701 3512 in
718 3459 819 3513 Itinere
839 3459 1159 3538 Constantinopolitano,
1183 3462 1216 3515 cf.
1233 3463 1285 3516 La-

141 3539 233 3594 bordii
250 3540 349 3593 Athen.
370 3542 425 3610 Ip.
443 3548 493 3598 263
516 3544 591 3610 quod
608 3544 734 3598 versibus
756 3543 1000 3599 Franco-Gallicis
1023 3544 1134 3615 scripsit
1156 3545 1283 3598 dominus

141 3625 176 3678 dc
200 3624 332 3678 Borderic
355 3641 398 3678 an.
419 3632 492 3681 1537.
533 3627 586 3692 Oui
603 3629 717 3683 tametsi
736 3629 911 3698 Olympicum
928 3644 985 3682 non
1002 3629 1141 3694 nominat,
1160 3628 1283 3683 dubitari

140 3713 234 3763 tamen
252 3725 307 3761 non
324 3710 418 3777 potest
436 3727 519 3778 quam
537 3712 636 3766 aedem
659 3713 766 3767 dixerit.
803 3713 875 3767 Nam
899 3730 968 3781 quas
990 3713 1143 3779 columnas,
1166 3730 1283 3781 magnas

140 3813 172 3848 ex
191 3810 341 3858 marmore,
361 3810 440 3848 senas
459 3794 543 3849 denas
560 3795 589 3848 in
606 3797 778 3867 longioribus
796 3795 945 3862 lateribus,
964 3813 1044 3849 senas
1061 3797 1089 3848 in
1108 3797 1282 3854 brevioribus

140 3879 352 3944 commemorat,
370 3878 526 3948 plusculum
543 3880 665 3950 largiens
683 3882 729 3936 ille
753 3881 864 3950 quidem
886 3880 998 3948 ingenio
1022 3884 1050 3934 ct
1073 3881 1281 3950 magniloquen-

139 3963 195 4017 tiae
214 3981 298 4030 quam
315 3980 408 4017 rerum
427 3963 504 4030 fidei,
523 3964 669 4019 manifesto
688 3965 826 4035 Olympici
842 3963 995 4035 parietinas
1015 3964 1160 4033 siguificat.
1187 3966 1212 4020 S.
1228 3968 1282 4022 An-

139 4049 222 4102 dreae
245 4050 339 4101 autem
363 4048 402 4101 ibi
425 4047 509 4102 fuisse
533 4049 676 4104 ecclesiam
698 4066 754 4103 non
776 4048 958 4103 concedemus
980 4048 1086 4102 homini
1109 4051 1226 4105 obscuro
1253 4056 1282 4108 et

138 4135 246 4201 poetae.
1358 4129 1363 4136 ’

217 4238 244 4301 †)
267 4233 437 4289 Ooronellius
456 4237 486 4289 in
504 4235 613 4290 diverso
632 4238 735 4305 angulo
754 4235 909 4290 aedificium
926 4237 1031 4304 posuit,
1056 4237 1131 4304 quod
1149 4239 1281 4294 ecclcsiae

139 4316 235 4372 dubito
255 4336 290 4371 an
308 4318 396 4373 simile
414 4319 502 4374 videri
519 4321 614 4390 possit.
651 4321 717 4373 Eius
735 4319 853 4374 hominis
871 4322 965 4375 autem
983 4321 1058 4376 nulla
1075 4322 1235 4378 auctoritas.
