2872 4876
199 263 221 327 2
706 268 797 339 Caput
812 269 833 322 1.

197 430 253 495 ubi
274 429 371 495 hodie
395 430 489 494 aedes
512 431 554 494 sit
568 430 729 515 Panagiae
744 429 930 515 Gorgopico
945 428 1012 490 sire
1027 425 1218 508 Metropolis
1233 425 1361 507 minor,

198 531 358 597 Metroum
380 533 441 615 ibi,
472 532 527 596 ubi
549 530 582 596 S.
604 531 813 616 Hypapantes
842 530 1018 614 parietinae
1049 550 1117 591 esse
1139 527 1361 610 reperiantur.

197 632 339 698 Pittaces
362 633 492 718 quidem
515 633 549 697 in
571 654 609 697 eo
631 633 713 697 libro
736 654 830 717 quem
852 653 937 696 anno
955 631 1036 696 1835
1057 630 1096 692 de
1118 629 1197 691 urbe
1220 629 1365 712 antiqua

198 735 399 820 conscripsit,
422 736 469 799 ita
491 735 654 820 disputare
676 735 769 818 solet,
790 740 826 798 ut-
848 733 1077 798 recentioribus
1097 730 1290 794 nominibus
1307 729 1364 793 ad-

198 836 273 901 ditis
295 837 391 922 plane
414 841 510 921 atque
532 840 641 921 aperte
663 836 785 919 doceat,
807 837 841 900 in
864 857 926 920 qua
947 839 1037 918 parte
1059 833 1146 896 urbis
1168 853 1252 915 quae
1269 852 1365 895 nunc

199 940 263 1021 est,
291 938 374 1021 apud
396 961 491 1023 quem
513 941 662 1023 puteum,
689 960 789 1022 prope
817 960 912 1021 quam
938 936 1104 1001 ecclesiam
1125 934 1158 998 id
1181 955 1253 997 esse
1280 934 1366 997 velit

199 1038 238 1102 de
267 1060 329 1122 quo
358 1038 496 1104 disserit.
541 1039 648 1103 Minus
675 1040 777 1103 multa
807 1038 1019 1103 recentiorum
1049 1038 1190 1100 locorum
1219 1036 1367 1099 nomina

199 1139 407 1204 inveniuntur
427 1141 463 1205 in
484 1141 575 1205 libris
598 1144 776 1205 ceterorum
792 1140 1082 1225 topographorum3
1104 1158 1171 1201 non
1192 1158 1259 1219 quo
1286 1159 1364 1200 eam

200 1239 383 1325 disputandi
405 1243 563 1306 rationem
585 1242 846 1326 improbaverint,
868 1241 924 1305 sed
944 1241 1029 1325 quod
1052 1259 1234 1320 nonaeque
1257 1239 1364 1321 periti

199 1363 306 1406 rerum
328 1346 383 1406 aut
403 1344 497 1427 gnari
511 1344 678 1408 nominum
693 1344 832 1426 firenmt,
854 1365 935 1427 quae
949 1342 1111 1406 communi
1134 1341 1168 1403 in
1190 1361 1253 1401 usu
1268 1345 1363 1404 sumt.

200 1441 338 1508 Constat
359 1443 445 1507 euim
466 1444 630 1528 antiquam
651 1445 763 1510 urbem
783 1467 851 1509 non
873 1466 942 1508 esse
963 1447 1126 1526 tamquam
1148 1442 1183 1503 in
1204 1445 1282 1505 aere
1308 1464 1364 1506 ex-

201 1544 403 1628 struendam,
426 1544 524 1630 immo
547 1567 622 1609 vero
645 1548 860 1611 coniecturam
882 1546 1035 1631 applicari
1064 1546 1210 1627 oportere
1235 1542 1279 1606 ad
1305 1566 1364 1608 eas

200 1666 252 1711 res
274 1666 355 1730 quae
377 1646 412 1709 in
434 1646 618 1711 coniectura
637 1669 705 1711 non
727 1648 793 1712 sint
812 1649 946 1733 positae.

284 1747 459 1812 Maximam
484 1736 601 1813 'autem
629 1749 801 1814 utilitatem
834 1749 955 1814 habent
991 1747 1142 1812 ecclesiae
1179 1744 1362 1831 adscriptis

200 1849 385 1915 nominibus
413 1849 448 1914 in
474 1851 584 1915 tabula
617 1850 705 1916 urbis
732 1852 927 1938 designatae.
976 1850 1062 1915 Nam
1096 1849 1166 1911 riae
1199 1850 1233 1910 et
1262 1851 1365 1914 semi·

126 1993 131 2000 -
199 1954 252 2016 tae
281 1952 336 2017 diu
366 1953 436 2016 sine
463 1953 646 2017 nominibus
675 1953 805 2017 fuerunt
831 1974 890 2017 nec
919 1974 979 2016 usu
1007 1953 1137 2034 recepta
1169 1952 1247 2013 sunt
1275 1973 1365 2035 quae

139 2108 150 2125 ,
200 2075 303 2137 nuper
332 2055 555 2138 excogitarunt
582 2056 714 2118 nomina
740 2056 944 2138 futurumque
972 2053 1107 2117 fortasse
1136 2054 1186 2114 est
1213 2055 1252 2115 ut
1282 2076 1366 2117 mox

202 2152 266 2216 alia
287 2153 493 2236 imponantur
500 2155 543 2239 ²¹²).
586 2155 761 2219 Puteorum
782 2158 889 2219 autem
911 2159 943 2219 et
964 2155 1133 2240 regionum
1154 2174 1222 2215 non
1243 2156 1366 2220 tantus

204 2256 253 2317 est
273 2274 424 2317 numerus
446 2258 483 2318 ut
497 2276 570 2319 cum
585 2255 715 2320 aedibus
738 2256 836 2321 sacris
851 2257 990 2321 conferri
1005 2255 1140 2340 possint,
1163 2258 1364 2337 praesertim

114 2404 117 2409 .
203 2354 230 2418 si
252 2375 360 2418 earum
382 2375 517 2439 quoque,
540 2378 620 2440 quae
642 2361 716 2422 ante
737 2358 797 2422 hos
819 2358 954 2443 triginta
975 2379 1077 2421 annos
1100 2356 1245 2438 fuerunt,
1271 2361 1363 2423 ratio

201 2453 349 2540 habetur3
372 2477 452 2539 quae
473 2442 621 2522 habenda
642 2463 692 2523 est
711 2463 881 2544 propterea
903 2459 988 2543 quod
1011 2459 1046 2522 in
1068 2456 1211 2540 Corpore
1235 2458 1362 2525 Inscri-

202 2557 349 2641 ptionum
377 2556 585 2643 Graecarum,
618 2560 653 2624 iu
685 2559 950 2644 Ephemeridibus
985 2558 1249 2642 Archaeologicis
1289 2562 1363 2647 (ed.

202 2657 341 2724 Athenis
362 2658 440 2724 inde·
458 2661 498 2725 ab
521 2683 571 2726 an.
597 2663 693 2750 1837)
700 2712 710 2746 ,
738 2663 871 2747 aliisque
893 2662 1039 2725 inlibris
1063 2668 1365 2728 commemorantur

201 2761 387 2845 permultae,
403 2784 490 2846 quas,
505 2784 591 2828 nuno
606 2785 731 2829 eversas
752 2768 807 2830 aut
820 2764 982 2847 ruinosas,
1003 2767 1081 2828 tuno
1095 2763 1239 2846 integras
1255 2764 1365 2831 fuisse

204 2881 330 2926 sumus.

225 2970 228 2976 '
290 2961 351 3037 Qui
372 2962 484 3025 titulos
508 2963 645 3027 Athenis
668 2964 904 3048 descripsenmt
931 2970 964 3030 et
991 2966 1026 3030 in
1054 2967 1158 3030 lucem
1185 2965 1366 3037 ediderunt

204 3060 275 3124 loca
289 3048 343 3125 'ita
364 3061 504 3126 indicare
526 3063 647 3148 solent,
676 3068 712 3129 ut
739 3066 823 3150 apud
852 3067 1018 3132 ecelesiam
1040 3068 1179 3152 aliquam
1201 3069 1365 3137 inventos

204 3181 273 3225 osse
295 3161 403 3228 dicant
424 3164 638 3249 ecclesiaeque
659 3188 778 3232 nomen
799 3169 1019 3253 praescribant
1039 3169 1145 3232 verbis
1168 3168 1256 3233 tituli
1279 3194 1301 3235 a
1327 3197 1365 3240 se

205 3261 291 3327 editi.
335 3263 447 3348 Itaque
470 3266 612 3331 omnium
635 3268 689 3351 qui
707 3280 840 3352 ‘operam
864 3270 941 3334 dant
960 3269 1221 3352 inscriptionibus
1245 3272 1365 3358 legen-

205 3362 254 3427 dis
276 3363 409 3429 intarest
424 3367 572 3431 ecclesias
587 3366 842 3434 Christianorum
863 3372 898 3435 in
912 3372 1021 3436 tabula
1036 3371 1209 3455 descriptas
1224 3372 1364 3462 habere,

204 3465 391 3549 praesertim
413 3466 440 3530 si
462 3468 538 3551 quid
560 3469 665 3534 estin
686 3470 791 3554 titulo,
814 3472 900 3557 quod
921 3472 962 3536 ad
976 3472 1179 3556 antiquorum
1194 3472 1363 3542 aedificio-

203 3586 274 3630 rum
297 3566 376 3631 situs
398 3566 594 3634 deliniendos
608 3571 778 3655 pertineat,
801 3572 866 3637 sive
881 3594 932 3638 res
948 3577 1246 3658 commemorantur,
1271 3598 1361 3660 quae

151 3666 154 3673 “
205 3670 332 3732 aoerto
355 3667 492 3751 quodam
513 3671 585 3735 loco
607 3670 785 3736 disiunctae
807 3694 876 3738 esse
890 3695 957 3739 non
971 3664 1153 3759 potuerunt,
1176 3677 1242 3739 sive
1266 3677 1361 3762 ipso·

205 3786 275 3833 rum
296 3769 440 3833 locorum
457 3768 496 3833 rin
522 3771 608 3835 tituli
635 3772 741 3837 verbis
767 3774 900 3857 nomina
927 3779 1001 3840 sunt
1030 3777 1252 3860 decretumque
1283 3802 1361 3846 esse

206 3867 368 3952 scribitur,
398 3872 435 3933 ut
460 3870 570 3936 tabula
597 3871 679 3957 legis
709 3873 745 3938 in
769 3874 857 3959 soro,
879 3875 914 3940 in
936 3898 1023 3961 arce,
1046 3878 1081 3940 in
1103 3900 1192 3941 sacro
1215 3880 1358 3948 alicuius

205 3969 316 4051 templi
338 3969 487 4054 ououitu,
510 3971 544 4037 in
567 3972 674 4057 aliquo
692 3977 859 4060 gymnasio
875 3978 1001 4061 publice
1016 3982 1197 4062 poneretur.
1235 3980 1358 4049 Exem-

207 4120 433 4135 ——--—-—-—.

278 4202 303 4271 *)
325 4203 441 4259 Athonis
463 4207 536 4263 onim
559 4208 635 4265 clooti
657 4209 783 4269 homiues
804 4229 878 4270 nuno
899 4215 955 4270 ista
976 4215 1091 4272 nomina
1108 4211 1270 4288 improbant
1289 4237 1354 4292 spe·

205 4286 324 4354 uruntque
341 4287 400 4343 loro
418 4292 450 4345 ut
466 4295 609 4351 ruutontur
625 4296 744 4367 publico.
