2872 4876
377 337 403 393 S.
419 338 564 394 Nicodemi
580 339 698 395 eeclesia
712 340 741 394 et
755 339 837 394 aedes
854 357 868 393 e
883 339 997 409 regione
1012 340 1090 395 sitae.
1257 334 1298 398 69

665 501 705 568 Ν.
730 502 779 566 70.

547 621 610 698 Ἁγ.
635 622 743 701 (ωτήρ
769 623 899 700 Κοτάκη.

236 755 372 839 Propter
392 757 459 819 vias
482 755 723 838 Cydathenaeae
746 759 779 820 et
801 754 897 820 Codri
909 757 939 841 ²1)
970 757 1031 820 sita
1059 761 1109 822 est
1132 757 1162 823 S.
1187 758 1297 824 Serva-

151 859 230 922 toris
254 857 365 923 Cotaei
392 858 500 940 aedae,
533 859 567 920 in
595 862 657 940 qua'
683 858 778 920 Russi
807 879 896 920 saera
922 858 1098 941 sariebant,
1128 864 1297 944 antequam

151 960 183 1024 S.
207 959 376 1024 Nicodemi
409 960 574 1023 ecelesiam
602 964 743 1022 emerent
776 963 807 1022 et
840 959 1082 1024 exaedificarent
1111 959 1141 1024 h.
1166 983 1192 1025 e.
1222 967 1296 1026 ante

150 1085 200 1126 an.
227 1061 318 1126 1852.
363 1060 455 1136 Quod
478 1083 527 1124 an.
554 1060 635 1125 1854
656 1061 795 1125 Pittaees
824 1060 961 1124 dirutam
988 1061 1085 1125 fuisse
1114 1063 1294 1150 seribit**),

150 1164 197 1227 ita
219 1163 370 1246 explicari
391 1165 512 1245 potest,
536 1164 572 1224 ut
586 1162 706 1225 Russus
722 1162 918 1245 suspicemur
939 1163 1104 1227 materiam
1124 1165 1198 1229 inde
1214 1188 1296 1229 sum-

150 1265 246 1348 sisse,
270 1286 331 1348 qua
353 1264 392 1327 ad
414 1263 616 1327 reficiendam
639 1265 803 1328 ecelesiam
834 1264 864 1327 S.
888 1264 1057 1328 Nieodemi
1084 1269 1161 1328 tuno
1190 1267 1295 1331 ruino-

150 1389 218 1430 sam
241 1368 404 1430 uterentur
426 1366 533 1448 itaque
556 1366 675 1428 factum
699 1387 767 1428 esse
794 1369 830 1429 ut
852 1365 962 1429 aedem
985 1366 1026 1430 70
1056 1372 1296 1453 exaugurarent,

150 1468 357 1557 dissiparent,
380 1467 622 1548 demolirentur,
646 1467 749 1550 quoad
766 1467 878 1556 Graeci
893 1472 1084 1532 renovarent
1092 1469 1169 1555 ***).
1198 1470 1295 1534 Anno

151 1570 233 1636 1866
263 1592 332 1634 eam
364 1569 429 1632 vidi
464 1571 581 1631 sartam
608 1571 725 1631 tectam
753 1569 973 1653 integramque
1002 1592 1079 1634 esse.
1123 1571 1296 1655 Utriusque

148 1672 235 1737 aedis
259 1671 326 1735 dies
349 1671 572 1735 encaeniorum
594 1672 700 1732 sextus
723 1693 764 1733 111.
781 1671 921 1754 Augusti
944 1694 1012 1736 esse
1034 1672 1173 1756 videtin,
1197 1677 1216 1755 ἡ
1239 1696 1292 1754 με-
1326 1730 1328 1735 ,

147 1778 350 1857 ταμόρφωει(
372 1780 431 1839 τοῦ
456 1775 570 1853 Κυρίου
592 1774 642 1837 καὶ
666 1773 814 1851 (ωτῆροε
837 1775 927 1851 ἡμῶν
951 1775 1049 1852 'incon
1073 1776 1261 1861 Xotcrot†).

235 1878 282 1943 ΑΓ
304 1876 437 1941 ΣΩΤΗΡ
462 1875 615 1940 ΚΟΤΑΚΗ
640 1871 823 1937 Sohaubert.

232 1981 255 2042 4
276 1980 326 2056 dr.
350 1979 458 2057 (ωτὴρ
484 1977 606 2055 Κοτάκη
628 1974 772 2057 Lithogr.
795 1973 1006 2039 Monacensis

231 2080 274 2145 50
295 2079 440 2164 Lithogr.
464 2077 581 2141 Athen.
604 2075 826 2140 —Numerus
849 2076 911 2140 fuit
931 2077 988 2161 50,
1011 2078 1128 2162 legitur
1149 2080 1221 2145 050.

231 2183 348 2246 Forma
380 2180 534 2244 feminina
566 2183 621 2258 τῆ(
650 2180 791 2258 (ωτήραε
826 2201 849 2242 s.
880 2180 1030 2259 (ωτείραε
1060 2181 1180 2261 Κατάκη
1215 2182 1293 2268 (imo

147 2285 284 2369 Κοτάκη)
319 2284 401 2347 falsa
436 2285 493 2345 est.
543 2279 751 2363 Excogitasse
787 2279 910 2343 videtur
937 2281 1165 2366 FourmontuS,
1200 2306 1294 2367 quem

146 2389 273 2450 secutus
302 2385 404 2449 editor
433 2382 584 2465 Corporis
613 2381 712 2444 Insor.
743 2381 802 2445 Gr.¹
828 2382 862 2444 in
890 2405 920 2446 n.
946 2383 987 2447 80
1013 2407 1044 2467 p.
1070 2386 1147 2469 1193
1175 2386 1293 2451 11293

145 2511 176 2572 p.
200 2487 278 2572 4013
306 2509 338 2550 n.
362 2486 426 2550 660
447 2508 477 2568 p.
500 2484 563 2549 503
584 2512 628 2540 :2
648 2483 783 2565 Ephem.
813 2505 844 2547 n.
872 2486 950 2547 1711
981 2486 1097 2568 paea
1127 2485 1158 2550 S.
1183 2485 1291 2552 Serva-

144 2589 258 2653 trioem
280 2587 413 2652 induxit.
445 2585 583 2649 Omnino
607 2585 850 2665 01111111(ωτῆρα
873 2585 987 2649 dieitur
1010 2590 1045 2649 ut
1066 2587 1101 2649 in
1120 2587 1290 2671 Ephemer.

143 2712 176 2755 11.
202 2690 282 2755 1711
306 2713 336 2772 p.
353 2688 430 2753 987:
455 2688 499 2754 εἰ(
521 2689 578 2753 τὸν
600 2690 712 2766 τοῖχον
736 2692 790 2765 τῆς
813 2688 974 2766 ernincia(
998 2688 1127 2768 (ωτῆρα
1152 2692 1289 2773 Κοτάκης

144 2792 201 2856 sed
223 2792 250 2855 is
273 2791 433 2876 genitivus
456 2792 519 2871 est,
542 2789 616 2872 qnia
637 2788 733 2871 vulgo
758 2786 819 2850 hoe
841 2787 936 2850 modo
960 2788 1121 2852 declinant
1149 2792 1168 2856 ὁ
1191 2797 1289 2870 (ωτῆ-

144 2916 218 2975 ρας,
246 2899 304 2959 τοῦ
333 2896 475 2972 (ωτῆρα,
503 2893 539 2953 ut
566 2888 782 2969 ὁᾶρχονταε,
810 2893 868 2954 τοῦ
897 2889 1048 2968 ἄρχοντα.
1100 2890 1148 2955 Cf.
1171 2892 1290 2979 Angeli

142 2992 261 3059 Vlaohr'
284 2992 458 3059 Grammat.
481 3015 512 3075 p.
538 2991 585 3056 15.

656 3092 698 3159 N.
722 3094 772 3157 71.
839 3101 842 3108 “

572 3214 639 3289 Ἅγ.
664 3213 861 3291 Ἀνάργυροι.

229 3351 334 3415 Aedes
356 3349 419 3414 fuit
440 3372 538 3433 prope
567 3349 705 3430 compita
726 3347 848 3410 viarum
877 3369 956 3430 quae
984 3349 1190 3414 nominantur
1212 3353 1290 3418 dode

141 3445 335 3535 Ὑπερείδου
359 3456 391 3515 et
412 3452 489 3518 ὁδό(
512 3452 667 3530 (ωτῆροε.

153 3602 348 3621 —L--

227 3708 252 3775 *)
271 3707 343 3760 Ante
365 3704 498 3774 imposita
520 3720 592 3758 nova
609 3703 722 3758 nomina
743 3703 885 3758 tramitem
907 3721 963 3757 non
984 3704 1067 3773 longe
1089 3706 1228 3758 remotum
1251 3705 1286 3760 ab

142 3791 261 3848 ecelesia
279 3798 311 3846 70
329 3793 397 3846 ὁδὸν
415 3795 468 3843 100
487 3791 619 3857 (111τή001
637 3787 731 3842 vocari
749 3787 861 3842 solitum
879 3805 940 3842 esso
959 3788 1094 3843 existimo.
1124 3788 1204 3844 Nunc
1223 3806 1288 3857 quo-

142 3876 243 3946 queis
266 3881 369 3931 trames
392 3875 433 3929 ita
455 3874 625 3944 appellatur,
649 3873 774 3940 nornine,
796 3875 828 3926 ut
846 3872 956 3942 opinor,
978 3889 1034 3927 11011
1057 3874 1215 3943 excogitato
1240 3875 1289 3930 sed

141 3963 261 4017 servato.

209 4048 251 4116 **)
269 4046 384 4116 Ephem.
404 4064 430 4099 n.
450 4051 517 4100 2268
535 4064 562 4115 p.
583 4049 660 4098 1176:
684 4045 723 4099 eit
747 4046 801 4112 τὴν
824 4047 1118 4112 κατοκρημνηεθεῑεαν
1141 4046 1288 4116 ἐκκληςίαν

142 4135 276 4200 (ωτῆροε
297 4132 414 4199 Κοτάκη.

195 4217 252 4284 ***)
270 4216 302 4269 In
319 4215 426 4270 sohedis
444 4215 569 4285 proxime
588 4213 742 4268 commissis
759 4213 904 4268 Heldricus
923 4214 1080 4280 confirmat,
1099 4215 1199 4270 aedem
1216 4235 1242 4273 n.
1256 4224 1288 4274 70

141 4302 177 4356 ab
196 4300 293 4355 Russis
311 4299 449 4355 desertam
467 4317 561 4354 rursus
579 4298 699 4353 Graecos
716 4298 882 4368 possedisse,
901 4296 1097 4367 amplificasse,
1115 4317 1269 4358 renovasse.

224 4389 252 4454 †)
270 4385 303 4439 In
320 4385 389 4440 aedo
408 4391 522 4441 7000111
540 4384 613 4438 diem
630 4384 732 4438 festum
750 4383 797 4451 agi
816 4401 849 4438 011
867 4383 963 4461 vicinis
982 4385 1111 4455 comperi.
