2872 4876
574 229 632 284 Arx
647 231 675 284 et
690 230 861 300 areopagus.
1250 229 1292 291 39

146 421 206 482 que
229 398 265 460 fit
287 400 322 459 ut
344 419 424 458 tinus
448 398 480 459 et
501 395 585 458 idem
608 393 730 455 duobus
753 393 937 456 muneribus
959 394 1052 477 fungi
1074 395 1216 459 videatur
1238 400 1293 460 aut

90 556 95 565 .
142 522 211 577 ¹non
244 521 308 561 uno
343 498 437 560 titulo
470 497 677 578 praedicetur.
728 494 778 556 Ex
804 494 939 576 Ephem.
971 518 1001 577 p.
1028 496 1109 558 1442
1139 520 1184 579 sq.
1213 497 1291 562 haec

90 660 93 667 1
146 602 290 683 exempla
313 620 456 681 appono:
482 601 608 678 Μιχαὴλ
631 597 869 677 πρωτοψάλτης
897 599 949 660 καὶ
976 599 1189 678 ςκευοφύλαξ,
1220 603 1290 679 Γερ-

145 705 247 783 μανὸς
276 701 522 783 χαρτουλάριος,
545 701 698 779 Ποθητός,
722 699 872 763 διάκονος
900 700 951 762 καὶ
980 699 1166 782 οἰκονόμος,
1190 702 1290 764 Ἐλπί-

145 824 238 869 νετος
266 803 488 882 χαρτοφύλαξ,
512 800 661 881 Ἰωάννης
684 802 834 866 διάκονος
863 801 912 864 καὶ
941 803 1138 881 ςκευοφύλαξ
1168 804 1218 866 καὶ
1245 803 1290 866 οἰ-

144 907 301 983 κονόμος,
325 905 497 981 Θεόδωρος
520 904 662 982 μοναχά(
683 904 734 966 καὶ
757 904 972 982 ςκευοφύλαξ,
995 903 1144 981 Ἰωάννη(
1165 904 1290 983 πρωτό-

143 995 276 1091 neruus,v
290 1006 344 1087 qui
365 1027 474 1067 omues
495 1004 642 1066 vixerunt
663 1006 736 1065 ante
758 1003 908 1066 11111204
929 1005 1003 1085 post
1025 1003 1099 1067 Chr.
1143 1004 1290 1066 Aliorum

142 1109 274 1171 nomina
292 1111 324 1171 et
336 1128 475 1187 munera,
488 1127 571 1168 anno
584 1127 650 1168 non
665 1105 782 1187 addim,
795 1104 955 1188 insculpta
967 1109 1049 1188 sunt,
1062 1128 1141 1187 (pirae
1154 1106 1289 1168 editores

142 1211 176 1273 in
199 1210 281 1292 Epir.
298 1233 328 1292 p.
351 1209 429 1272 1447
446 1229 492 1290 sq.
517 1208 723 1292 collegenmt.
754 1206 879 1269 Horum
902 1229 1025 1290 qnoque
1041 1208 1196 1270 nonnulla
1219 1209 1290 1270 sub-

142 1312 233 1374 iicio:
268 1313 452 1391 Δημήτριος
487 1311 673 1387 λειτουργὸς
705 1310 756 1372 καὶ
789 1309 1102 1394 ὀρφανοτρόφοςἸἸ,
1141 1311 1290 1388 Ἰωάννη(

143 1414 293 1478 διάκονος
309 1415 359 1476 καὶ
375 1412 561 1493 οἰκονόμος,
585 1411 610 1475 Τ
626 1463 632 1475 .
648 1463 654 1475 .
672 1463 678 1475 .
700 1413 751 1474 καὶ
766 1411 950 1490 κουράτωρ,
975 1412 1124 1491 Ἰωάννης
1140 1414 1290 1476 διάκονος

143 1516 194 1577 καὶ
216 1513 460 1596 insitiuum),
484 1515 640 1590 Γεώργιος
656 1513 868 1592 πρεςβύτερος
884 1515 935 1576 καὶ
949 1514 1172 1595 γραμματικός,
1189 1516 1288 1593 Γεώρ-

144 1636 214 1692 γιος
236 1615 379 1693 μοναχὸς
407 1615 458 1677 καὶ
479 1614 673 1697 ἡγούμενος,
700 1614 792 1678 Λέων
815 1614 1043 1699 πρεςβύτερος,
1068 1616 1183 1694 Θωμάς
1212 1617 1289 1680 ἀνα-

146 1719 296 1795 γνώςτης.

228 1818 332 1900 Prope
354 1815 588 1880 Parthenonem
612 1816 751 1899 elogium
775 1837 899 1899 quoque
921 1817 1059 1880 Pittaces
1082 1818 1205 1881 invenit
1227 1819 1289 1881 edi-

143 1923 211 1982 tum
234 1920 268 1981 in
290 1918 425 2001 Ephem.
449 1941 480 1982 n.
504 1918 588 1981 3712
610 1941 640 2000 p.
667 1918 762 2000 1910,
786 1918 820 1979 in
849 1940 910 2000 quo
934 1919 1053 1981 mentio
1077 1922 1126 1981 est
1147 1920 1289 1982 mulieris

143 2020 358 2104 Christianae,
388 2036 466 2104 qua‘e
494 2019 669 2102 praefuisse
696 2020 890 2082 monasterio
914 2020 944 2083 S.
969 2020 1134 2082 Trinitatis
1165 2021 1288 2103 dicitur,

142 2124 362 2203 καθηγουμένη
385 2127 441 2200 τῆς
463 2127 563 2202 μονῆς
585 2127 640 2201 τῆς
662 2122 754 2199 ἁγίας
776 2122 920 2200 Τριάλος.
965 2121 1004 2184 In
1031 2122 1211 2205 propinquo
1241 2145 1288 2184 re-

141 2226 232 2310 perta
254 2246 322 2287 esse
338 2223 546 2287 fundamenta
561 2223 730 2306 qrraedanr‚
754 2245 851 2306 eaque
874 2223 1072 2287 continentia
1095 2226 1127 2286 et
1142 2224 1290 2287 adiuncta

141 2349 259 2412 magno
283 2326 442 2408 aedificic,
466 2326 569 2389 editor
592 2324 716 2409 scribit3
740 2325 794 2387 illa
808 2346 866 2407 pro
889 2325 964 2387 aede
981 2324 1012 2388 S.
1030 2325 1205 2408 Trinitatis,
1228 2325 1289 2388 hoc

141 2452 199 2512 pro
222 2428 432 2510 monasterio,
455 2427 505 2490 cui
528 2427 641 2490 mulier
664 2426 725 2489 ista
746 2427 934 2508 praefuerit,
957 2426 1043 2490 idem
1057 2430 1149 2510 putat
1171 2428 1287 2491 haben-

143 2533 217 2594 dum
240 2551 323 2591 esse:
347 2550 426 2610 quae
448 2551 523 2591 vera
544 2551 586 2590 an
612 2529 693 2590 falsa
715 2528 780 2590 sint
801 2548 868 2589 nou
890 2550 1022 2610 quaero,
1051 2529 1182 2592 refutari
1205 2533 1288 2593 certe

143 2654 210 2694 non
231 2630 367 2712 possunt
389 2628 472 2710 quod
494 2628 750 2713 testimorria***)
774 2628 840 2690 eius
864 2629 909 2690 rei
932 2629 1159 2692 desiderantur.

229 2734 333 2806 tluum
355 2729 475 2792 Turcae
497 2729 733 2792 Parthenonem
755 2729 789 2790 in
812 2729 860 2791 sui
875 2727 936 2791 Dei
953 2730 1108 2811 templum
1130 2734 1290 2794 mutarent

222 2919 246 2985 ³⁶)
264 2917 296 2969 In
315 2935 340 2969 n.
355 2921 420 2970 2971
440 2915 510 2970 haec
521 2915 665 2982 leguntur,
683 2912 729 2967 lin.
744 2920 760 2968 3
773 2930 846 2980 sqq.:
865 2919 917 2981 τῆς
936 2915 1096 2984 ἁγιωτάτης
1114 2916 1286 2986 ἑκ[κλης1ας]

146 3008 274 3070 Ἀθηνῶν
304 3002 472 3068 Βαςιλεί[ου]
502 3000 573 3068 idol]
602 2999 791 3067 Δημητρ1[ου]
820 3000 1025 3067 Λειτουργ[ῶν]
1055 3002 1142 3067 αὐτῆς
1166 3003 1287 3068 ὀρφανο-

141 3091 296 3158 τρόφ[ων].
319 3087 409 3141 Orbos
426 3087 493 3138 tunc
512 3084 644 3137 educatos
662 3100 720 3136 esse
737 3083 849 3152 publice
867 3083 989 3137 Pittaces
1008 3083 1152 3152 opinatur,
1170 3087 1286 3156 Ephem.

141 3179 267 3243 111448,
289 3172 429 3238 fuisseque
453 3170 536 3224 aedes
560 3169 696 3236 quasdam
717 3168 747 3222 in
764 3185 828 3222 arce
851 3168 900 3221 ubi
918 3169 1067 3222 alerentur.
1103 3170 1159 3224 Res
1181 3170 1288 3226 ineerta

143 3262 171 3312 et
188 3258 359 3326 perobscura
377 3257 428 3309 est.
465 3254 504 3308 Cf.
524 3245 584 3308 not'
601 3257 651 3306 ***.

206 3343 246 3407 *19
270 3341 404 3406 Pittacus,
427 3339 542 3408 Ephem.
567 3357 594 3406 p.
616 3343 681 3391 1445
704 3338 775 3403 not,
802 3337 1003 3406 interpretatur
1024 3339 1077 3391 τὸν
1105 3342 1287 3406 φυλάττοντα

143 3428 178 3479 τὰ
204 3425 324 3491 δίπτυχα
350 3427 394 3477 καὶ
415 3424 523 3490 βίβλους
548 3429 600 3490 τῆς
625 3422 782 3489 ἐκκληςίας,
802 3422 833 3475 111
857 3422 1029 3476 emendatius
1052 3422 1226 3477 scribendum
1253 3425 1288 3478 sit

143 3511 297 3576 οιπτάτωρ.

188 3595 243 3660 *11)
262 3593 335 3646 Nam
348 3592 421 3659 quod
435 3592 470 3646 ad
481 3591 549 3644 illud
562 3592 684 3660 elogium
695 3591 766 3661 Eph.
780 3610 805 3645 n.
819 3597 883 3645 2971
898 3593 983 3658 atque
1001 3596 1142 3645 curatores
1155 3591 1286 3645 orborum
1350 3588 1352 3597 ’

141 3679 274 3734 Basiliam
293 3677 322 3730 et
338 3675 512 3730 Demetrium
528 3678 664 3745 provocat
681 3676 816 3742 Pittacas,
839 3675 964 3744 appellat
987 3677 1091 3729 amicos
1109 3677 1138 3728 et
1160 3676 1286 3743 advocat,

142 3765 190 3833 qui
207 3762 327 3817 nocituri
345 3761 416 3814 sunt.
454 3759 603 3813 Contendit
620 3761 819 3815 monasterium
837 3760 863 3814 S.
884 3760 1029 3814 Trinitatis
1052 3761 1135 3813 fuisse
1153 3759 1227 3812 idem
1246 3762 1286 3813 at-

141 3868 195 3920 quc
219 3845 495 3917 orphanotropheum
516 3844 592 3898 istud
620 3845 694 3912 quod
716 3846 803 3911 tituli,
831 3846 901 3914 aph.
925 3864 951 3898 n.
977 3851 1055 3909 2971,
1083 3843 1286 3912 interpretandi

142 3951 226 3988 causa
244 3931 420 3999 excogitavit.
458 3928 501 3983 llli
518 3931 611 3983 autem
629 3929 728 3984 mulier
745 3932 868 4000 praeest,
886 3931 940 3983 hoc
958 3946 975 3982 a
992 3927 1058 3982 viris
1076 3925 1285 3982 administratur

142 4018 282 4072 sevirum
301 4032 411 4083 quoque
429 4013 581 4084 praefuisse
599 4014 709 4069 dixeris.
747 4014 879 4082 Sequitur
896 4015 927 4066 ut
945 4028 1001 4065 non
1019 4010 1118 4064 eadem
1134 4011 1220 4064 fuerit
1237 4011 1286 4068 illa

142 4104 171 4156 ct
187 4103 257 4156 haec
276 4102 381 4154 domus.
418 4099 545 4167 Asylum,
564 4099 586 4152 si
603 4099 657 4152 fuit
673 4116 809 4166 unquam,
833 4113 889 4150 non
906 4097 995 4150 solum
1011 4095 1110 4164 puellis
1133 4096 1182 4148 sed
1201 4098 1285 4152 ctiam

142 4186 234 4254 pueris
253 4185 424 4255 aperuerunt
440 4183 590 4238 Christiani
606 4201 696 4251 neque
716 4200 799 4239 causa
817 4184 859 4236 est
878 4199 925 4235 cur
939 4185 1188 4247 παρθεναγωγεῑον
1202 4183 1282 4250 (Eph.

142 4287 168 4322 n.
188 4275 261 4324 3598.
281 4274 358 4335 3712)
376 4269 458 4323 fuisse
478 4267 608 4322 dicamus.
