2880 4868
163 256 204 317 1-1
658 259 749 329 Cnput
762 260 808 314 Vl.

166 425 271 505 nibus,
301 447 398 486 unum
425 424 648 508 semngulunn
684 424 761 506 illis,
789 425 974 506 inopium,
1000 424 1079 485 situs
1107 422 1263 487 ecclesiae
1287 427 1322 488 et

166 525 279 588 (lomus
308 526 464 588 definitur.
510 526 617 588 'Feri-io
648 549 723 588 num
752 528 865 608 puteus
893 525 1091 607 significetur
1119 525 1190 587 aliis
1221 547 1318 609 quac-

165 627 297 689 rondum
322 628 474 709 relinquo.
521 626 569 690 df.
593 628 727 691 Funellii
751 627 904 689 Athenin.
931 626 996 690 ns.
1020 650 1050 709 p.
1074 628 1145 691 317.

249 728 439 810 Monachus,
464 729 551 791 cuius
574 728 790 813 samnium)
815 728 1066 810 Ifl'ullmenayems
1090 730 1219 810 etpost
1242 751 1317 792 eum

169 831 304 899 Pittacus
327 831 360 892 in
383 822 555 913 EphemerJ
577 853 607 913 p.
625 831 688 893 942>
704 852 771 912 sqq.
795 830 976 910 ediderunt,
1000 831 1216 892 terraemotu
1241 853 1317 895 cou-

164 935 328 1014 quussntas
353 932 494 995 Athones
518 937 611 1014 utque
634 931 689 993 illu
711 932 744 992 in
760 931 931 1015 Areopago
955 930 1098 993 aedificic
1120 931 1317 996 labefactata

164 1036 196 1095 et
218 1034 321 1096 diruta
343 1057 411 1097 esse
434 1034 540 1096 tnulit.
587 1033 692 1096 Verba
714 1033 791 1095 hacc
814 1036 902 1095 sunt:
932 1040 977 1115 τῷ
1001 1033 1065 1097 ἔτει
1086 1033 1192 1118 τούτῳ
1216 1036 1316 1113 μέγα(

165 1137 286 1212 εειεμόε
309 1136 453 1217 ἐγένετο,
477 1137 529 1198 καὶ
550 1135 689 1198 ἅπαντεε
713 1134 743 1198 οἱ
766 1134 849 1198 οἶκοι
872 1135 1063 1215 ἐεείεθηεαν,
1088 1136 1139 1198 καὶ
1161 1137 1180 1214 ἡ
1203 1136 1314 1216 ἐκκλη-

165 1238 213 1300 εία
235 1240 293 1300 τοῦ
309 1237 415 1312 Ἁγίου
431 1235 605 1300 Διονυείου
629 1235 671 1299 εἰε
694 1235 753 1299 δύο
776 1237 914 1315 ἐεχίεθη,
937 1236 1028 1299 καὶὸ
1051 1241 1109 1299 τοῦ
1124 1237 1315 1315 Ἀρχιερέιυε

165 1337 255 1402 οἷκοε
284 1339 391 1421 κλόνῳ
420 1339 499 1420 μέγα
529 1339 579 1400 καὶ
609 1338 685 1420 λίθῳ
720 1337 754 1400 ἐκ
781 1343 839 1401 τοῦ
869 1338 995 1415 Βράχου
1029 1341 1242 1416 προεβληθεὶε
1275 1342 1312 1404 τὸ

165 1440 323 1513 ἀνώγειον
346 1438 539 1517 ἐκρημνίεθη.
570 1439 675 1501 Τοῦτο
699 1440 733 1501 δὲ
756 1439 885 1513 ἐγένετο
908 1439 944 1501 τὸ
968 1438 1102 1516 ἑεπέραε
1124 1444 1182 1503 τοῦ
1204 1439 1313 1516 Ἁγίου

166 1540 350 1618 Χαρίτωνος
374 1538 416 1619 (d.
443 1541 457 1600 1
482 1561 523 1600 111.
547 1537 660 1621 Iunii)·
690 1539 807 1602 πολλοί
834 1561 868 1603 τε
892 1538 975 1602 οἶκοι
1004 1542 1059 1616 τῆ(
1082 1545 1139 1604 τοῦ
1161 1540 1312 1620 (ωτῆροε

139 1670 150 1693 ι
167 1641 347 1718 Νικοδήμου
364 1643 475 1718 Μονῆε
498 1641 817 1718 κατεκρημνίεθηεαν,
840 1642 890 1704 καὶ
912 1642 930 1718 ἡ
949 1641 1091 1719 Βαειλικὴ
1109 1641 1311 1725 ἐκκληεία**)

166 1741 299 1824 ἐρράγη,
316 1743 365 1806 καὶ
381 1749 418 1826 τῇ
434 1743 519 1824 τρίτῃ
536 1743 635 1826 ἡμέρᾳ
657 1742 701 1806 εἰε
716 1744 775 1820 τὴν
794 1742 1001 1819 Μητρόπολιν
1018 1742 1036 1805 ὁ
1052 1744 1311 1829 Δημήτριοε***)

168 1851 311 1929 κεραυνῷ
328 1846 450 1924 βληθεὶε
471 1844 689 1923 ἐτελεύτηεεν,
705 1844 830 1923 ἀφήεαε
846 1843 977 1922 ὀρφανὰ
991 1845 1042 1907 καὶ
1057 1844 1204 1927 χή[ραν];
1227 1844 1310 1928 Eph.

167 1969 196 2028 p.
222 1945 293 2007 944.
344 1945 432 2007 Haec
460 1948 534 2027 post
561 1968 610 2019 an.
642 1944 720 2008 1651
752 1944 870 2026 scripto
897 1966 965 2006 esse
994 1944 1174 2027 constat†).
1228 1944 1311 2009 Cou-

165 2047 284 2110 iccturn
306 2050 431 2109 tantum
453 2047 577 2128 assequi
599 2047 687 2127 licet,
710 2048 745 2107 ut
767 2048 840 2127 post
855 2048 980 2127 coptam
1003 2045 1167 2108 oVenetis
1189 2047 1311 2129 urbem,

165 2147 227 2210 hoe
250 2150 298 2209 cst
320 2150 394 2229 post
416 2170 465 2210 nn.
490 2147 569 2210 1687
594 2147 712 2228 scripto
733 2151 879 2228 putemus
886 2197 895 2229 7
919 2147 992 2228 quie
1011 2146 1128 2210 Veneti
1151 2147 1311 2232 integram

166 2252 198 2311 et
225 2249 417 2311 incolumem
445 2248 598 2330 Episcopi
632 2247 739 2310 sedem
772 2247 969 2311 adiunbrant.
1021 2248 1166 2311 Stumtus
1195 2253 1310 2333 eutem,

165 2374 215 2413 an.
248 2349 343 2430 1751,
378 2350 544 2431 „rudern“
572 2349 616 2411 ibi
646 2371 714 2411 csse
743 2349 855 2411 domus
883 2349 1036 2432 Episcopi
1065 2372 1162 2432 quum
1188 2351 1311 2432 primus

96 2534 99 2538 ⁴
166 2452 297 2534 scribat,
328 2451 470 2534 sequitur
497 2454 533 2513 ut
560 2454 634 2514 ante
662 2473 781 2513 aunum
806 2450 882 2513 1751
914 2454 1016 2514 terrae
1044 2455 1133 2513 motu
1161 2453 1311 2535 prolapsa

244 2690 269 2758 *λ
287 2688 372 2743 Manu
391 2689 494 2758 scriptu
511 2688 559 2742 ina
577 2687 656 2752 folia,
680 2686 706 2741 S.
725 2686 813 2740 Marci
830 2686 953 2754 imagine
976 2687 1121 2756 insignita,
1146 2687 1264 2742 Athenis
1283 2707 1311 2743 se

164 2773 300 2828 invenisse
320 2793 364 2828 eu.
386 2781 449 2826 1812
468 2774 572 2826 narrat.

231 2861 272 2926 **)
293 2859 369 2923 Quae
388 2857 503 2912 ecclesia
522 2858 638 2922 dicatur,
656 2855 801 2911 nescimus.

216 2944 272 3008 ***)
290 2943 448 2995 Demetrius
466 2942 649 3010 Oelocynthes
666 2941 844 2994 Atheniensis
867 2941 940 3005 (vide
962 2941 1059 2994 notem
1076 2940 1176 3008 inseq.)
1201 2941 1256 2995 diei
1273 2943 1311 2996 vi-

167 3027 254 3079 detur.
299 3025 376 3094 sip.
401 3033 450 3079 944
474 3026 522 3077 lin.
547 3033 562 3078 5
594 3043 681 3079 annus
705 3031 766 3078 1701
798 3027 1043 3089 commemoratur,
1065 3025 1236 3092 Demetrius,
1259 3029 1311 3081 sub

167 3128 270 3163 annum
296 3116 357 3163 1651
385 3108 653 3177 Constantinopolim
679 3110 834 3178 profectus,
861 3111 927 3163 tunc
953 3109 1038 3162 fuerit
1062 3112 1131 3163 notu
1158 3111 1312 3164 admodum

166 3193 279 3262 grandis
296 3210 408 3247 neccsse
427 3200 481 3259 cst;
500 3194 552 3246 etsi
570 3191 637 3260 quid
661 3194 845 3263 supplendum
863 3197 912 3248 out
935 3194 1138 3247 emendandum
1160 3194 1196 3248 sit
1213 3214 1241 3264 p.
1261 3202 1312 3249 944

166 3278 212 3331 liu.
232 3285 259 3342 5,
278 3277 345 3330 mihi
363 3278 475 3344 quidem
492 3295 547 3331 nen
565 3278 660 3345 liquet.

244 3365 272 3427 γ)
290 3363 363 3415 Nam
387 3379 458 3430 quae
481 3363 632 3416 monachus
654 3363 753 3416 tradit:
777 3366 793 3416 ὁ
817 3365 914 3430 Ἱερεὺε
937 3365 1098 3430 Δημήτριοι
1123 3365 1311 3432 Κολοκύνθηε,

168 3450 327 3515 Ἀθηναῖος,
356 3451 503 3514 πορευθελε
531 3449 570 3502 εί(
598 3449 896 3502 Καινεταντινούπολιν
924 3449 996 3512 πρὸ(
1022 3449 1075 3500 τὸν
1098 3448 1281 3516 Πατριάρχην
1307 3448 1310 3514 Ι

168 3533 318 3586 Ἰωανίκιον
336 3534 417 3598 ἔλαβε
441 3535 642 3599 πατριαρχικήν
667 3534 761 3585 ἄδειαν
780 3534 815 3585 νὰ
838 3533 1027 3599 καταεκευάεῃ
1052 3533 1091 3586 εἰ(
1113 3533 1163 3586 τὰ(
1189 3533 1312 3599 Ἀθήνας

167 3617 364 3684 Μοναετήριον
381 3623 441 3670 τῶν
460 3617 562 3682 Ἁγίων
582 3619 776 3683 Ἀναργύραιν,
794 3615 909 3684 Ephem.
929 3634 956 3685 p.
970 3622 1020 3669 943
1039 3633 1093 3683 sq.,
1111 3615 1254 3685 pertinent
1272 3618 1312 3671 ad

167 3700 315 3769 epistolam
332 3699 447 3755 Ioenicii
464 3699 673 3769 Archiepiscopi
691 3699 716 3752 d.
738 3705 768 3752 17
787 3717 823 3750 m.
843 3698 905 3752 Iulii
923 3717 966 3753 en.
988 3706 1051 3754 1651
1071 3700 1173 3753 datam.
1211 3700 1313 3756 Exstat

167 3785 297 3854 epistole,
316 3784 392 3838 edita
409 3786 446 3839 ib.
466 3804 493 3854 p.
513 3791 562 3839 945
580 3802 621 3851 sq.
663 3782 739 3847 Quae
762 3784 856 3836 eutem
878 3783 1007 3853 deinceps
1029 3786 1127 3838 nsrret
1149 3785 1312 3854 monachus,

166 3870 365 3924 monasterium
383 3869 411 3922 in
428 3870 524 3922 ludum
540 3869 685 3922 literarum
704 3883 878 3933 conversum,
898 3868 1071 3922 Gerasimum
1093 3870 1248 3935 mortuum,
1268 3888 1313 3923 ur-

167 3955 232 4007 bem
255 3957 347 4009 terrae
370 3955 448 4006 motu
471 3954 622 4017 vestatam,
645 3968 692 4005 ees
716 3968 759 4005 res
786 3954 885 4021 posteo
906 3954 994 4007 factes
1018 3971 1076 4008 esse
1101 3952 1211 4022 etipse
1234 3954 1312 4021 dicit,

166 4057 193 4107 p.
213 4045 263 4092 914
280 4041 412 4106 ὕετερον,
437 4039 465 4091 et
487 4035 610 4091 narratio
630 4036 718 4089 dccet.
738 4066 771 4074 -
788 4038 882 4091 Annus
899 4057 926 4106 p.
946 4043 995 4091 944
1018 4037 1064 4090 lin.
1085 4045 1100 4092 5
1118 4044 1160 4106 τῷ
1180 4042 1311 4108 χιλιοετῷ

170 4125 402 4191 [ἑττακο]ειοετῳ
421 4123 528 4189 πρώτῳ
552 4123 608 4174 ἔτει
629 4120 750 4174 incertus
773 4123 815 4174 est
836 4125 952 4192 propter
974 4121 1096 4174 lituram.
1131 4121 1214 4176 Ratio
1237 4123 1311 4176 tem=

167 4223 267 4276 porum
285 4208 378 4261 obstet
397 4223 451 4274 que
469 4206 559 4258 minus
577 4205 710 4274 suppletis
728 4204 814 4258 literis
834 4206 955 4274 quinque
973 4206 1018 4272 (cf.
1035 4206 1150 4260 Pittaois
1167 4209 1224 4260 not.
1244 4207 1263 4260 1.
1277 4209 1310 4274 l.)

108 4362 110 4367 Α
169 4295 350 4359 ἑξακοειοετῷ
368 4290 514 4346 scribatur.
