2872 4876
455 275 574 331 Radices
590 276 661 331 arcis
678 277 713 330 ad
728 277 827 331 urbem
842 279 997 347 vergentes.
1258 275 1299 337 21

235 437 374 501 Pittaces
407 438 442 501 in
469 438 546 502 Ant.
575 438 694 503 Athen.
723 462 754 522 p.
782 440 845 504 473
874 440 958 523 apud
986 441 1095 505 aedem
1124 436 1237 508 Annae
1266 467 1299 509 se

149 540 305 623 reperisse
341 539 386 602 ait
417 539 520 603 basim
547 540 692 624 Apollini
719 539 813 604 Delio
848 541 1025 606 dedicatam
1037 543 1078 628 ²¹²)
1130 544 1299 629 Templum

149 644 257 706 tamen
279 640 440 724 Apollinis
471 645 503 704 et
524 640 662 724 Dianae,
692 641 777 724 quod
805 643 942 725 scriptor
964 644 1177 727 Antiquarum
1199 645 1298 710 Athe-

149 765 263 806 narum
299 743 343 805 ibi
371 743 469 806 fuisse
499 742 613 825 credit,
647 743 732 806 idem
765 744 800 806 in
826 743 962 827 Ephem.
990 767 1021 828 p.
1047 747 1130 810 1082
1157 769 1203 830 sq.
1232 770 1299 812 non

149 844 278 908 Delium
301 845 356 907 sed
379 842 530 926 Pythium
557 844 717 928 nominat3
747 844 899 927 Pythium
928 849 1033 909 autem
1062 847 1297 912 aPhilostrato

149 946 184 1008 in
205 944 245 1009 V.
263 945 438 1029 Sophistar.
461 945 491 1026 2,
516 945 532 1007 1
557 948 576 1025 ξ
595 945 615 1009 5
639 949 920 1009 commemoratum
944 946 1204 1033 distinguendum
1228 973 1297 1015 esse

150 1047 189 1110 ab
213 1069 249 1111 eo
274 1047 367 1110 docet
388 1046 476 1109 cuius
500 1045 700 1129 Thucydides
723 1046 771 1128 ΙΙ,
796 1046 836 1112 15
863 1047 1059 1112 mentionem
1081 1050 1192 1136 faciat3
1217 1051 1296 1115 illud

148 1149 286 1212 inaneis
309 1147 467 1210 radicibus
496 1148 536 1211 ad
558 1149 802 1232 septemtriones
831 1150 1051 1234 vergentibus,
1081 1151 1143 1216 hoc
1170 1152 1210 1216 ad
1232 1176 1296 1217 me-

147 1251 261 1314 ridiem
288 1250 385 1313 situm
420 1249 531 1334 fuisse3
564 1250 645 1313 illud
678 1250 775 1314 etiam
802 1248 924 1333 Dianae
953 1251 1102 1335 llithyiae
1133 1254 1296 1318 dedicasse

147 1352 375 1435 Athenienses;
403 1350 552 1434 Ilithyiae
581 1355 687 1415 autern
718 1351 747 1415 S.
777 1351 907 1416 Annam
935 1375 1161 1437 puerperarum
1190 1359 1296 1439 patro-

146 1477 222 1517 nam
245 1453 442 1517 successisse.
487 1455 532 1518 Τὸ
554 1454 679 1520 Πύθιον
702 1459 815 1533 τοῦτο,
844 1455 948 1536 inquit
970 1454 990 1518 l.
1014 1457 1050 1538 l.,
1080 1459 1117 1522 τὸ
1147 1456 1229 1537 πρὸ(
1258 1460 1295 1523 τὸ

148 1556 275 1636 βόρειον
298 1557 394 1634 με’ροτ
416 1560 471 1632 τῆς
487 1556 710 1635 Ἀκροπόλεως
731 1557 772 1636 ἦν
794 1556 872 1622 ἔνθα
894 1561 953 1622 νῦν
977 1557 1112 1637 ὑπάρχει
1134 1559 1294 1639 ἡἘκκλη-

149 1657 197 1721 cic
224 1661 280 1734 τῆτ
301 1655 406 1732 Ἁγίας
427 1658 552 1735 Ἄννηε.
597 1659 662 1738 Τὴν
685 1658 792 1734 Ἁγίαν
821 1659 939 1737 ταύτην
969 1659 1138 1740 εεβόμεθα,
1168 1661 1218 1724 καὶ
1247 1660 1291 1725 εἰε

147 1760 206 1836 τὴν
230 1757 379 1823 εὐκολίαν
401 1761 467 1821 τῶν
490 1764 630 1825 τοκετῶν
653 1760 877 1824 ἐπικαλοῦνται
900 1759 931 1822 αἱ
953 1759 1124 1844 τίκτουεαι,
1155 1761 1200 1827 ὼε
1223 1765 1294 1828 ἐπι-

147 1862 306 1925 καλοῦντα
329 1861 366 1923 τὸ
381 1860 487 1923 Ιπάλαι
509 1862 582 1938 περὶ
603 1866 670 1926 τῶν
690 1864 830 1926 τοκετῶν
852 1863 911 1939 τὴν
924 1856 1090 1940 Ἀρτέμιδα
1108 1863 1289 1948 Είλειθείαν,

147 1959 185 2038 ἦ(
207 1962 244 2025 τὸ
268 1961 394 2040 ἄγαλμα
415 1960 522 2025 ίετατο
546 1963 580 2026 ἐν
604 1968 648 2046 τῷ
672 1969 740 2046 ναῷ
762 1967 821 2027 τοῦ
843 1963 966 2027 Πυθίου
989 1984 1014 2026 κ.
1038 1985 1063 2027 τ,
1088 1966 1113 2026 λ.

231 2061 334 2137 Caum
358 2060 531 2125 Christiani
553 2062 766 2143 Athenienses
789 2062 903 2126 Annae
932 2064 964 2126 et
985 2063 1240 2151 Evangelistriae
1263 2072 1296 2131 et

145 2164 353 2247 Hypapantes
369 2163 461 2226 aedes
483 2163 553 2227 loco
569 2165 764 2247 propinquas
780 2167 993 2247 exstruerent,
1017 2164 1155 2228 dubitari
1177 2169 1293 2252 potest,

138 2252 186 2328 'an
208 2265 379 2328 habuerint
402 2264 487 2348 quod
509 2268 730 2349 sequerentur3
755 2265 794 2329 cf.
816 2289 847 2348 p.
863 2265 884 2330 5
900 2268 932 2329 et
946 2266 997 2330 31.
1028 2265 1112 2330 Nam
1128 2288 1207 2351 quae
1223 2268 1293 2334 loco

144 2368 324 2450 propinqua
339 2369 414 2429 sunt
428 2366 568 2449 numina,
587 2370 719 2450 apparet
735 2369 872 2451 cognata
887 2370 919 2430 et
934 2366 1141 2432 similitudine
1158 2370 1294 2452 quadam

145 2468 314 2531 coniuncta
336 2489 414 2530 esse.
444 2466 558 2530 Annae
567 2469 616 2554 **)
634 2468 705 2530 filia
727 2467 829 2531 Maria
851 2469 935 2551 parit
956 2467 1119 2533 Christum
1142 2471 1291 2538 [12511.

144 2568 254 2630 Martii
276 2569 465 2648 conceptum
471 2617 480 2650 ,
504 2569 557 2650 qni
580 2569 646 2632 dies
668 2568 852 2632 nominatur
874 2569 1134 2650 ὁεύαγγελκμὸε
1149 2576 1205 2650 τῆ(
1221 2580 1292 2640 θεο-

144 2669 242 2732 τὸκου
270 2669 320 2732 καὶ
347 2668 560 2748 ἀειπαρθὲνου
583 2671 708 2750 Μαρίατ
760 2668 839 2730 lnde
868 2690 987 2732 nomen
1015 2671 1166 2734 ecclesiae
1187 2673 1292 2738 Evan-

144 2769 317 2853 gelistriae.
361 2767 482 2832 Diebus
506 2769 647 2832 XXXIII
668 2773 743 2852 post
764 2771 875 2832 natum
898 2768 1061 2833 Christum
1087 2775 1124 2835 ut
1153 2774 1292 2856 agebant

144 2871 319 2954 antiquitus
327 2869 393 2956 ***)
400 2921 409 2954 ,
433 2875 607 2934 sanxerunt
627 2874 664 2934 ut
684 2870 832 2955 purgatio
856 2870 990 2954 Mariae,
1013 2872 1088 2937 Luc.
1111 2873 1147 2957 2,
1170 2875 1228 2958 22,
1258 2880 1290 2942 et

143 3143 214 3192 quac
233 3143 295 3178 cum
313 3125 382 3180 aede
400 3125 497 3178 Annae
516 3142 533 3179 a
551 3124 694 3179 monachis
717 3124 943 3194 possidebantur,
968 3125 1049 3179 sicuti
1073 3127 1165 3181 clerici
1188 3129 1288 3186 Caesa-

143 3210 214 3263 riani
226 3209 341 3264 Athenis
359 3211 388 3263 et
405 3210 504 3264 aedem
523 3212 551 3263 et
568 3209 732 3264 coenobium
746 3216 806 3277 128,
823 3211 968 3278 Παναγία,
988 3213 1104 3277 Μεγάλο
1118 3215 1288 3284 Μοναετήρι,

142 3295 295 3348 habebant.
331 3295 429 3362 ltaque
447 3295 531 3349 aedes
550 3295 586 3348 ab
609 3293 789 3363 lithographo
807 3293 972 3347 Atheniensi
988 3295 1018 3348 in
1034 3313 1061 3352 n.
1082 3302 1096 3350 'l
1115 3300 1148 3351 ct'
1161 3317 1187 3352 n.
1208 3306 1253 3368 93,
1273 3318 1289 3355 a

143 3378 223 3430 nobis
240 3377 269 3429 in
286 3396 311 3431 n.
328 3384 358 3431 14
377 3380 405 3432 et
423 3386 455 3434 15
472 3378 581 3448 positae
600 3379 768 3448 appendices
786 3376 844 3432 eius
856 3379 975 3432 fortasse
992 3379 1105 3434 fuerunt
1116 3385 1287 3450 monasterii,

144 3461 181 3513 ad
208 3460 282 3526 quod
307 3461 369 3530 ipsa
400 3463 501 3517 dicitnr
526 3464 623 3517 Annae
651 3462 766 3517 ecclesia
793 3467 858 3516 ante
884 3480 987 3517 annum
1019 3470 1082 3518 1821
1112 3467 1287 3535 pertinuisse.

144 3546 320 3612 Quamquam
341 3562 401 3599 rem
423 3546 558 3602 incertam
581 3549 610 3601 et
632 3547 779 3602 obscuram
803 3563 860 3601 csse
883 3547 972 3601 video.
1009 3548 1039 3602 Si
1062 3549 1173 3618 spicata
1198 3558 1290 3605 essent
1361 3611 1363 3615 ¹

142 3629 222 3698 signa
241 3628 371 3683 ecclesias
388 3629 505 3684 indicari
523 3632 672 3686 crederem.
710 3631 780 3687 Sunt
804 3634 898 3686 autem
917 3633 1055 3700 quadrata
1073 3634 1131 3688 sine
1154 3634 1233 3703 apice
1252 3635 1288 3688 ad

142 3714 279 3768 orientem
296 3715 439 3782 vergente.
475 3714 514 3768 Cf.
533 3733 560 3784 p.
579 3722 611 3769 32
630 3719 701 3782 not,
719 3716 861 3771 Aedicula.

216 3799 240 3866 ³¹⁶)
260 3797 361 3851 Confer
380 3815 451 3865 quae
470 3798 582 3853 Carolus
601 3799 732 3854 Keilius
724 3819 753 3854 m
770 3801 868 3854 Philol.
888 3801 978 3855 XXIII
995 3821 1023 3871 p.
1044 3808 1093 3856 220
1112 3801 1146 3854 dc
1164 3801 1222 3855 cius
1242 3803 1288 3856 dei

141 3884 217 3952 apud
234 3881 419 3936 Athenienses
439 3883 514 3936 cultu
533 3884 692 3954 disputavit.

201 3969 242 4035 **)
261 3967 302 4019 Ex
321 3967 491 4020 Graecorum
509 3968 584 4022 fastis
609 3971 773 4038 conceptam
790 3970 816 4023 d.
836 3976 851 4024 9
870 3989 905 4023 m.
925 3968 1086 4023 Decembris
1104 3968 1189 4023 filiam
1207 3971 1288 4028 Anna

141 4052 217 4120 parit
240 4051 360 4105 Mariam
383 4052 409 4104 d.
434 4059 449 4106 8
473 4070 509 4105 m.
534 4051 715 4121 Septembris.
756 4055 853 4109 Annae
877 4055 906 4107 in
929 4054 1036 4108 coelum
1059 4070 1187 4108 ascensus
1210 4056 1236 4110 d.
1255 4065 1288 4113 25

141 4154 176 4188 m.
196 4135 270 4201 Iulii,
293 4136 399 4190 Mariae
423 4136 448 4189 d.
470 4143 501 4190 15
523 4154 559 4190 m.
577 4138 697 4207 Augusti
721 4138 889 4207 celebratur,
913 4139 944 4192 ut
967 4139 1084 4205 uterque
1108 4157 1236 4196 ascensus
1258 4142 1286 4196 in

142 4218 259 4272 eundem
276 4220 460 4274 hebdomadis
478 4219 552 4274 diem
565 4220 681 4276 incidat.

188 4303 244 4371 ***)
263 4304 363 4358 Primis
380 4305 553 4375 temporibus
571 4308 669 4360 natum
684 4306 825 4362 Christum
842 4324 898 4361 non
916 4308 941 4361 d.
956 4313 989 4361 25
1007 4327 1043 4363 m.
1058 4309 1220 4365 Decembris
1237 4311 1286 4365 sed
