2872 4876
204 314 246 378 74
709 320 798 388 t'aput
814 316 846 371 X.

203 481 323 546 Veneti
346 482 484 566 quinque
498 482 529 568 *)
559 485 661 545 turres
684 480 905 565 designarunt,
934 480 968 542 111
997 500 1059 562 quo
1088 499 1220 542 numero
1242 478 1348 557 Τειαμὶ

203 589 259 665 τῆ(
283 585 435 652 Κολώνα(
463 589 520 649 est.
570 583 608 648 Id
636 583 699 648 fuit
726 582 771 647 ibi
798 582 853 646 ubi
880 584 947 646 fere
968 580 1123 647 Hadriani
1149 579 1233 644 viam
1262 582 1348 645 secat

204 687 255 751 via
276 685 455 753 Nicodemi

288 788 318 852 Y
341 788 510 870 Moschea,
533 787 612 851 hora
634 787 740 852 chiesa
761 787 800 850 de
822 786 988 870 Luterani3
1017 786 1052 850 in
1072 785 1180 850 tabida
1202 784 1292 851 Com.
1315 785 1344 850 S.

204 890 320 955 Felicis
343 912 392 974 ap.
415 890 535 954 Fanell.
559 912 589 972 p.
613 889 685 955 317.
1273 948 1277 953 ,

288 991 322 1055 Μ
345 991 497 1057 Mosohea
518 1013 574 1055 ora
589 991 704 1057 Ohiesa
719 990 891 1075 Luterana3
915 991 949 1053 in
963 991 1134 1073 prospectu
1148 988 1346 1054 Athenarum

205 1093 400 1177 („Prospet0
429 1094 462 1158 di
484 1093 669 1180 Athene“),
698 1094 737 1158 ef.
767 1091 902 1156 Labord.
930 1091 1049 1156 Athen.
1077 1090 1110 1155 Π
1136 1113 1168 1175 p.
1194 1092 1255 1156 150
1281 1095 1344 1156 not

205 1199 238 1261 et
258 1196 419 1261 Additam.

291 1301 309 1365 7
332 1296 499 1382 Moschea,
521 1296 600 1361 hora
623 1295 746 1362 Ohiesa.
793 1295 965 1362 Coronelli.

289 1400 488 1465 Mentionem
505 1399 598 1464 huius
616 1421 717 1464 novae
726 1398 980 1464 Lutheranorum
997 1401 1147 1464 ecelesiae
1164 1398 1242 1464 fecit
1255 1399 1347 1462 Anna

208 1502 396 1586 Akerhjelm
418 1504 502 1585 apud
523 1502 658 1567 Labord.
682 1500 716 1565 ΙΙ
736 1524 767 1584 p.
791 1500 869 1585 3173
893 1501 932 1565 of.
955 1502 998 1566 ib.
1020 1525 1052 1586 p.
1077 1502 1147 1567 179.

290 1603 467 1669 Coloumna
488 1605 672 1669 nominatur
693 1603 727 1666 in
749 1602 825 1666 Ant.
850 1602 967 1668 Athen.
989 1627 1021 1687 p.
1046 1604 1107 1668 160
1128 1626 1147 1667 a
1168 1603 1301 1668 Pittaoe.

288 1706 422 1772 ῘΣΙΑΜΙ
447 1705 629 1771 Sohaubert.

290 1807 333 1872 24
354 1809 463 1890 Τειάμι
484 1808 628 1894 Lithogr.
652 1807 863 1872 Monacensis.
908 1806 978 1871 Inio
1001 1807 1118 1889 Τειαμί.

291 1910 332 1974 63
358 1910 502 1996 Lithogr.
525 1910 741 1975 Atheniensis,

289 2011 396 2097 Djami
423 2013 465 2077 tis
489 2011 643 2095 Celonas,
670 2013 772 2078 literis
800 2012 925 2094 latinia,
954 2011 1178 2075 Kohlmannus
1206 2011 1346 2095 scripsit3

205 2112 238 2176 id
259 2135 378 2179 nomen
400 2136 460 2200 ego
482 2136 632 2199 graecum
654 2115 733 2179 feci:
756 2116 865 2197 Tcropi
886 2119 943 2194 τῆ(
968 2115 1129 2181 Κολώναε.

716 2300 757 2367 Ν.
782 2301 831 2366 78.

621 2418 755 2477 Balneae
773 2419 932 2479 'l'uroioaa

291 2535 377 2601 Sitae
399 2539 474 2601 sunt
495 2536 530 2601 in
551 2534 698 2621 compitis
720 2540 842 2604 viarum
864 2536 1051 2623 Philotheae
1079 2541 1111 2600 et
1131 2536 1290 2601 Hadriani
1318 2537 1347 2599 et
1395 2534 1398 2539 ’

205 2636 383 2703 Nicodemi.

290 2742 448 2808 ΛΟΥΤΡΑ
471 2741 654 2808 Sohaubert.

289 2843 331 2907 23
353 2845 481 2924 Λουτρὰ
503 2844 647 2930 Lithogr.
671 2844 884 2909 Monacensis.

291 2943 331 3007 78
353 2944 496 3031 Lithogr.
523 2945 739 3011 Atheniensis.

716 3096 758 3164 N.
783 3097 832 3162 79.

672 3217 736 3295 Ἁγ.
759 3217 882 3298 Εἰρήνη.

292 3347 445 3413 Aedioula
473 3353 534 3415 sita
559 3353 622 3416 fuit
648 3356 780 3438 propter
807 3354 936 3418 balneas
966 3353 1006 3417 78
1013 3402 1022 3436 ,
1051 3374 1119 3417 non
1141 3354 1256 3436 procul
1278 3375 1297 3417 a
1319 3350 1349 3416 S.

208 3447 355 3514 Andreae
377 3453 570 3518 monasterio
594 3453 664 3518 147.

291 3554 338 3617 ΑΓ
360 3554 501 3620 ΕΙΡΗΝΗ
525 3553 709 3620 Sohaubert.

293 3651 410 3718 Omisit
429 3654 574 3740 Lithogr.
597 3655 809 3722 Monacensis

292 3755 352 3819 601
378 3754 594 3839 (scribendum
615 3757 677 3822 fuit
698 3758 753 3843 60)
775 3757 920 3842 Lithogr.
943 3758 1161 3824 Atheniensis,

211 3875 413 3887 ————..

293 3941 317 4008 *)
336 3941 366 3993 In
384 3941 487 3996 tabulis
498 3941 682 4008 Venetorum,
701 3941 749 4009 qui
766 3941 863 3996 urbem
881 3961 925 3997 an.
942 3951 1004 4000 1687
1018 3947 1129 4015 captam
1147 3945 1352 4016 descripserunt

210 4024 259 4076 aut
276 4024 766 4094 adumbrarunt(Mohametanorum
783 4027 889 4096 templa
912 4029 981 4085 haec
999 4046 1057 4085 esse
1079 4031 1269 4100 reperiuntur:
1293 4031 1350 4086 Sta·

209 4122 376 4174 ropazaron,
403 4111 486 4165 turris
511 4111 540 4163 in
566 4110 741 4165 Parthenone
770 4112 941 4180 prominens,
969 4113 1131 4183 Coloumna,
1163 4116 1223 4170 Ieni
1249 4115 1350 4185 Djami,

210 4189 353 4244 Kutsohuk
370 4193 476 4261 Djami;
495 4211 567 4264 quae
585 4193 712 4249 aedificia
734 4194 833 4250 sitibus
857 4197 1068 4266 thgnoscuntur,
1091 4201 1205 4255 nomina
1227 4218 1284 4256 non
1306 4201 1352 4255 ad·

210 4273 379 4343 scripserunt
395 4278 504 4333 Veneti.
524 4309 557 4319 -
579 4277 749 4333 Coronellius
767 4282 836 4349 quot
857 4282 963 4353 templa
981 4285 1135 4340 Turoarum
1153 4272 1352 4354 designaverit,

210 4375 265 4412 non
282 4358 381 4429 liquot,
403 4362 507 4433 quippe
526 4361 574 4430 qui
591 4363 800 4420 adumbraverit
817 4366 930 4423 Guilleti
947 4368 1011 4424 ritu.

163 4532 297 4584 Α
