2880 4868
623 264 714 332 t‘uput
727 262 801 318 Vlll.

588 427 655 503 Ἅγ.
677 427 832 505 Φράγκοε.

224 555 264 618 ln
300 557 408 620 tabula
443 558 475 621 P.
506 558 680 624 Coronellii
717 562 850 646 legitur:
882 562 923 625 36
957 560 1057 644 Agios
1090 556 1289 635 Pharancos,

141 654 295 738 Cappella
317 658 492 723 labbrieata
515 661 600 745 dagli
624 663 786 726 Aeoiaioli.
817 664 903 738 tluae
926 662 1067 725 aedicula
1089 659 1135 723 eis
1157 655 1290 719 llissrmr

141 755 327 821 aulumbrata
349 761 544 843 conspicitur
567 787 583 827 e
606 764 737 848 regione
759 765 825 827 fere
846 764 954 847 pontis
977 767 1009 826 et
1030 760 1133 825 stadii.

226 860 335 938 Ἅγιοε
356 862 505 940 Φράγκο(
527 864 666 948 vulgaris
689 866 861 948 appellatio
877 870 939 948 est,
962 866 1087 947 praeter
1109 881 1209 943 quam
1231 877 1288 921 no-

141 981 215 1024 men
238 962 388 1026 eeclesiae
412 963 509 1028 fuisse
532 968 667 1048 oportet.
697 965 788 1029 Nihil
811 970 916 1031 autem
938 965 1072 1029 traditur
1093 958 1288 1043 nominis*).

522 1151 742 1233 (ταυρομένοε
763 1153 896 1234 Πέτρος.

225 1283 324 1346 Aedis
347 1286 435 1347 trans
466 1285 594 1349 Ilissum
622 1287 700 1350 sitae
728 1287 768 1351 ad
794 1287 949 1351 orientem
977 1308 1085 1350 versus
1113 1283 1155 1346 ab
1183 1278 1291 1344 'stadio

141 1384 313 1466 parietinas
342 1385 472 1470 exiguas
501 1390 533 1450 et
560 1388 709 1451 obscuras
731 1388 873 1452 Leakeus
904 1387 992 1451 vidit.
1038 1385 1087 1450 Of.
1111 1382 1234 1447 Lealrei
1261 1383 1293 1444 et

141 1485 331 1548 Rieniiekeri
353 1485 491 1571 Topogr.
515 1511 546 1570 p.
570 1490 641 1552 ⁶212.
686 1489 769 1553 Huic
796 1511 895 1572 prope
924 1488 1063 1571 aequalis
1086 1486 1232 1550 Pitteoes
1259 1482 1292 1544 in

142 1586 253 1667 Antiq.
281 1585 399 1650 Athen.
433 1610 464 1670 p.
497 1588 555 1653 195
588 1590 762 1672 pavimenti
789 1590 943 1653 tessellati
970 1588 1171 1652 mentionem
1202 1583 1290 1663 facit,

144 1686 229 1769 quod
251 1708 337 1750 nunc
359 1708 427 1750 esse
450 1687 536 1751 Petri
559 1688 663 1753 Cruci·
676 1690 790 1771 Affixi,
814 1690 891 1753 olim
914 1689 1035 1753 Dianae
1056 1686 1227 1770 fuisse**).

228 1786 417 1872 Cognomen
438 1789 574 1853 traditur
594 1790 838 1876 Ornagradiffl
862 1790 991 1855 ductum
1013 1791 1151 1853 fortasse
1174 1786 1217 1849 ab
1241 1806 1294 1848 an·

143 1889 232 1973 tique
254 1890 331 1974 pagi
352 1891 491 1955 nomine.
535 1890 707 1954 Pausanias
730 1892 764 1954 in
786 1890 883 1955 Attio.
902 1892 951 1974 19,
975 1894 1003 1974 7,
1027 1893 1151 1970 διαβᾶει
1174 1890 1213 1953 δὲ
1236 1888 1294 1951 τὸν

143 1990 299 2064 Εἴλιεεον,
328 1992 447 2074 inquit,
474 1993 596 2073 χωρίον
623 1994 734 2072 Ἄγραι
763 1993 963 2073 καλούμενον
992 1995 1042 2058 καὶ
1072 1992 1154 2057 vanc
1183 1990 1296 2068 Ἀγρο-

143 2092 237 2169 τέρας
260 2092 342 2157 teris
365 2093 554 2171 Ἀρτέμιδος.

228 2189 269 2252 In
297 2191 360 2252 situ
388 2191 566 2255 definiendo
597 2194 734 2254 erratum
762 2195 810 2254 est
837 2216 856 2256 a
882 2191 1130 2257 Monacensibus
1159 2189 1300 2254 urbisa

128 2288 342 2355 *Schauberto
368 2272 545 2374 descriptae
567 2291 780 2354 imitatoribus
792 2292 835 2376 †).

232 2512 257 2578 *)
277 2510 508 2563 Pantocratorem
525 2508 554 2561 in
572 2508 699 2562 lucanari
716 2509 823 2578 pictum
839 2509 958 2562 vidimus
976 2509 1053 2578 apud
1063 2510 1223 2564 monachos
1244 2524 1304 2562 coe·

145 2594 223 2648 nobii
240 2593 365 2663 Daphni,
384 2592 433 2646 ubi
454 2593 600 2662 sepulchra
622 2594 687 2645 sunt
709 2592 810 2646 ducum
827 2592 1073 2661 Franconicorum,
1097 2593 1160 2661 qui,
1184 2595 1219 2646 ut
1243 2592 1302 2662 opi·

145 2695 211 2745 nor,
231 2677 276 2731 dei
294 2676 393 2747 optimi
411 2676 524 2730 maximi
536 2679 597 2744 (τοῦ
611 2678 858 2744 Παντοκράτοροε)
872 2677 976 2731 cultum
993 2677 1173 2735 induxerant.
1200 2678 1305 2744 Itaque

145 2763 317 2816 Francorum
338 2761 387 2815 illa
409 2760 447 2814 cis
464 2761 573 2813 nissum
591 2761 731 2816 exstructa
749 2760 865 2814 ecclesia
882 2761 1092 2815 Pantocratoris
1115 2778 1199 2816 saera
1218 2760 1306 2815 finaeo

146 2846 236 2901 videri
253 2845 354 2915 potest.
390 2844 485 2897 Fuisse
503 2843 576 2898 enim
593 2844 710 2897 Athenis
729 2843 828 2898 aedem
850 2844 1012 2898 eonomine
1034 2844 1179 2913 insignem
1202 2847 1308 2899 auctor

148 2930 190 2982 est
211 2928 412 2993 Fourmontns,
435 2927 483 2993 qui
500 2928 613 2980 titidnm
636 2927 665 2980 Ο.
684 2928 705 2979 Ι.
728 2944 754 2980 n.
775 2934 824 2981 253
845 2944 873 2995 p.
897 2934 946 2981 363
968 2928 1086 2982 Athenis
1109 2946 1198 2998 super
1221 2943 1307 2982 muro

148 3011 281 3066 ecclesiae
304 3017 356 3065 τοῦ
380 3012 617 3078 Παντοκράτορο(
634 3010 771 3078 reperisse
789 3027 817 3064 se
835 3011 864 3063 in
881 3010 990 3064 schedis
1009 3011 1087 3065 dixit.

216 3095 256 3162 **)
274 3093 336 3147 Etsi
353 3093 386 3159 ii,
405 3109 422 3147 a
440 3092 540 3159 quibus
558 3092 703 3148 Heldricus
720 3110 809 3161 nuper
827 3094 980 3148 sciscitatus
999 3095 1053 3161 est,
1078 3096 1202 3150 Petrum
1223 3096 1311 3151 Cruci

148 3178 269 3232 Affixum
287 3194 343 3231 non
361 3170 545 3245 agnoverunt,
560 3176 716 3245 praestabit
732 3183 828 3230 tamen
844 3194 945 3231 nomen
963 3178 998 3231 ab
1011 3178 1123 3234 Leakeo
1143 3181 1175 3234 et
1192 3180 1312 3234 Pittaco

148 3260 284 3315 traditum
301 3263 405 3316 tenere.
443 3259 532 3325 Quum
550 3278 609 3315 esse
626 3260 667 3313 illi
684 3261 833 3328 negarunt,
852 3263 927 3314 certe
947 3276 1003 3314 non
1019 3266 1164 3331 negarunt
1184 3265 1287 3320 trisse.

204 3345 261 3413 ***)
279 3343 407 3399 Stuartus
428 3344 458 3397 in
478 3344 572 3411 Antiq.
594 3344 633 3397 III
655 3344 720 3413 post
740 3362 767 3412 p.
791 3343 829 3396 VI
851 3343 982 3397 ecelesiae
1003 3344 1033 3397 in
1055 3346 1157 3401 tabula
1182 3367 1239 3405 sua
1265 3349 1314 3404 de-

150 3429 278 3499 signatae
296 3430 366 3483 haec
384 3427 542 3497 adscripsitz
560 3428 659 3496 templi
675 3427 782 3481 Dianae
799 3427 954 3493 Agroterae
971 3428 1092 3496 vestigia
1114 3430 1205 3486 hodie
1225 3433 1315 3490 Stau-

150 3529 279 3569 romenos
296 3513 402 3567 Petros.
439 3513 472 3564 ln
490 3510 702 3576 commentario,
720 3511 757 3563 ib.
776 3528 803 3578 p.
823 3509 861 3574 V,
884 3511 919 3563 ab
938 3511 1055 3565 Albanis
1074 3514 1240 3583 Omogradi
1265 3536 1316 3574 vo.

151 3597 209 3653 cari
227 3597 347 3652 editores
366 3596 472 3661 dicunt3
491 3595 567 3649 aliud
584 3610 694 3662 quoqne
706 3593 790 3646 Petro
804 3591 883 3645 Cruci
894 3593 983 3646 Affixo
1001 3596 1124 3651 vicinum
1142 3601 1317 3657 aedificium

150 3682 238 3737 simile
256 3698 358 3737 nomen
374 3681 492 3746 habere,
510 3677 641 3747 Magrati.
665 3675 748 3744 Apud
759 3675 899 3728 Leakeum
916 3677 933 3730 l.
946 3677 964 3730 l.
984 3678 1013 3731 in
1024 3681 1125 3735 tabula
1137 3682 1166 3735 ΙΙ
1178 3684 1318 3753 regionis

43 3789 45 3793 ·
151 3769 208 3822 cius
226 3784 328 3822 nomen
346 3763 499 3834 Omagradi
517 3760 668 3830 reperitur,
687 3774 770 3824 quam
787 3758 828 3810 ita
845 3760 999 3828 amplector
1011 3765 1199 3833 sententiam,
1221 3770 1257 3823 ut
1277 3772 1318 3825 ab

150 3852 263 3920 regione
287 3866 442 3919 cognomen
466 3846 591 3903 aedificio
614 3842 731 3895 inditum
757 3842 866 3908 putem,
892 3843 969 3897 velut
992 3843 1019 3897 S.
1043 3846 1177 3914 Apostoli
1207 3853 1248 3907 ab
1281 3872 1320 3909 ea

151 3936 227 3990 urbis
252 3937 335 4006 parte
361 3933 411 3987 nbi
437 3932 533 3986 sedem
559 3926 665 3981 habent
694 3939 889 3991 nonnunquam
916 3927 1034 3982 (ολάκοι
1065 3935 1219 3989 vocantur.
1272 3938 1318 3994 Cf,

150 4037 177 4073 n.
197 4026 246 4074 109
262 4038 290 4089 p.
310 4025 355 4085 91,
374 4020 435 4083 Ἅγ.
457 4015 623 4070 Ἀπόετολοι
642 4006 767 4062 (ολάκοι.

231 4106 258 4172 †)
282 4102 394 4156 Scilicet
421 4099 469 4153 isti
492 4093 690 4160 (ταυρομὲνον
715 4091 827 4157 Πέτρον
852 4107 940 4160 prope
966 4095 1079 4149 Ioannis
1107 4097 1322 4168 chrysostomi

152 4186 251 4240 aedem
272 4186 393 4255 ponunt,
414 4182 456 4237 ibi
477 4179 593 4233 Petrum
612 4172 692 4227 Cruci
709 4172 828 4226 Affixum
850 4174 945 4228 sedem
966 4176 1072 4233 habere
1097 4183 1149 4235 aut
1172 4185 1322 4245 habuisse

151 4287 232 4324 nemo
251 4270 321 4326 alius
338 4266 463 4323 tradidit.
499 4265 532 4316 In
548 4257 639 4313 indice
656 4255 861 4310 Monacensium
878 4274 912 4312 ea
934 4259 1049 4314 ecelesia
1071 4265 1169 4331 prima
1194 4272 1244 4325 est
1267 4292 1322 4328 nu-
