2872 4876
572 302 630 353 Arx
645 300 673 353 et
690 298 862 367 Areopagus.
879 340 885 351 .
1252 296 1292 358 47

146 466 347 549 intelligitur.
392 463 475 525 Istas
499 465 604 524 autem
627 461 728 523 scalas
751 460 858 523 nescio
882 482 924 522 an
945 460 1063 523 idcirco
1087 461 1202 524 artifex
1224 463 1292 545 pin-

143 567 227 630 xerit
255 568 291 627 ut
313 565 445 646 Pittaci,
474 563 513 626 cf.
537 562 613 624 Ant.
637 561 754 624 Athen.
783 584 814 643 p.
837 561 918 642 444,
947 582 1077 645 operam
1105 585 1194 626 suam
1222 585 1293 645 pro-

144 667 286 752 1111111)
658 764 690 829 N
723 765 766 827 44

578 886 645 960 Ἅγ.
668 884 860 948 Ἀθανάειοε.

231 1022 300 1087 sita
322 1025 371 1085 est
385 1019 555 1084 Athanasii
578 1015 670 1081 aedes
692 1018 727 1080 in
742 1016 904 1102 Areopagi
927 1018 1085 1082 radicibus
1101 1021 1140 1082 ad
1156 1024 1292 1103 septem-

144 1126 266 1188 triones
289 1122 503 1208 vergentibus
549 1119 754 1202 Conspicitur
777 1141 795 1181 a
817 1118 950 1183 Theseo

231 1229 277 1290 ΑΓ
299 1225 525 1290 ΑΘΑΝΑΣΙΟΣ
548 1220 732 1285 Schaubert.

231 1328 273 1390 84
294 1328 342 1402 ἅγ.
366 1327 549 1391 Ἀθανάειο(
571 1322 714 1406 Lithogr.
738 1321 950 1387 Monacensis.

231 1429 272 1492 96
295 1427 439 1510 Lithogr.
463 1424 679 1488 Atheniensis.

231 1529 370 1592 Pittaces
392 1529 426 1591 in
448 1528 558 1609 Antiq.
581 1524 700 1588 Athen.
723 1547 753 1607 p.
777 1525 841 1588 442
863 1530 1024 1609 repertum
1047 1528 1091 1590 ibi
1114 1549 1184 1592 esse
1213 1529 1292 1592 dicit

145 1631 292 1692 titulum:
326 1631 503 1694 Ἀπόλλωνι
536 1629 754 1712 προετατηρίῳ
789 1628 988 1711 colligitque,
1023 1630 1089 1691 eius
1123 1630 1173 1693 dei
1205 1653 1292 1693 aram

148 1732 179 1796 S.
203 1731 373 1793 Athanasii
395 1731 466 1793 loco
489 1729 652 1814 1111111**).
700 1728 759 1792 Oui
782 1729 984 1813 inscriptioni
1005 1732 1133 1794 tametsi
1148 1727 1292 1796 'dubitari

145 1836 254 1916 potest
275 1835 428 1915 quantum
455 1813 658 1895 tribuentium
680 1830 736 1912 sit,
766 1830 839 1912 quia
866 1831 991 1913 praeter
1012 1831 1169 1896 Pittacem
1196 1856 1291 1896 nemo

144 1936 240 2016 vidit,
271 1935 309 1997 cf.
340 1933 503 2017 Rangabis
530 1933 640 2014 Antiq.
669 1931 702 1994 ΙΙ
729 1955 760 1995 n.
791 1932 872 1996 1057
901 1956 932 2016 p.
957 1933 1033 1997 752:
1065 1936 1173 1997 tamen
1207 1935 1291 2017 quod

145 2037 248 2100 voluit
270 2037 324 2099 ille
346 2059 413 2099 non
435 2026 585 2098 abhorret
607 2034 647 2096 ah
670 2055 706 2096 eo
730 2033 814 2116 quod
835 2033 1002 2097 1111111)
1023 2036 1190 2119 probatur,
1213 2039 1290 2099 tem-

143 2140 232 2221 plum
254 2138 415 2219 Apollinis
438 2138 472 2200 in
494 2137 674 2226 propinquo
696 2136 804 2198 fuisse.
850 2135 899 2199 Of.
924 2136 1027 2200 Curtii
1050 2136 1138 2201 stud.
1163 2139 1230 2201 Att.
1247 2138 1289 2220 H,

143 2241 197 2303 uhi
219 2242 253 2302 iu
275 2241 401 2303 tabulae
423 2263 454 2302 n.
477 2240 498 2302 3
520 2237 675 2319 templum
698 2236 868 2320 Apollonis
890 2237 990 2301 Patrii
1011 2240 1151 2322 ponitur.

598 2664 723 2764 Caput
747 2668 834 2741 VH.

143 2867 342 2951 Ecclesiae
370 2836 624 2948 1111111111
652 2864 703 2947 ad
730 2864 977 2948 occidentem
1003 2884 1146 2948 111111
1174 2866 1288 2952 sitae.

227 3072 348 3136 Paucas
382 3071 531 3135 ecclesias
568 3069 630 3132 hoc
663 3069 766 3153 capite
800 3069 1056 3151 complectimur,
1093 3072 1288 3155 propinquas

143 3195 253 3236 omnes
276 3177 308 3236 et
329 3196 430 3257 paene
452 3173 605 3255 urbanas,
628 3193 687 3235 nec
709 3174 855 3234 nostrum
876 3174 1023 3254 putamus
1040 3171 1123 3235 ultra
1137 3176 1288 3258 progredi

144 3279 179 3336 ut
201 3275 352 3337 olivetum
375 3275 680 3358 comprehendamus
702 3274 737 3336 in
756 3295 817 3356 quo
836 3274 1013 3356 permultas
1035 3274 1128 3337 aedes
1151 3278 1183 3338 et
1205 3277 1287 3340 acdi-

144 3379 229 3437 culas
252 3397 355 3438 sacras
378 3377 552 3441 Christiani
576 3375 881 3462 exstruxerunt***).
914 3376 1008 3440 Libet
1028 3382 1136 3440 tamen
1158 3401 1286 3442 narrare

144 3477 178 3539 in
201 3475 325 3539 Colono
348 3477 379 3541 S.
403 3478 537 3543 Eleusae
560 3479 670 3542 aedem
692 3499 760 3541 esse
782 3500 882 3561 prope
904 3477 941 3542 Ο.
965 3478 1093 3544 Mtilleri
1115 3481 1286 3544 111111111-

227 3751 252 3818 ³¹²)
271 3748 360 3813 Quem
382 3748 529 3817 adscripsit
549 3767 696 3804 numerum
718 3755 751 3803 55
772 3750 873 3803 falsum
896 3766 956 3803 essc
979 3752 1105 3818 apparet.
1142 3751 1174 3802 In
1194 3750 1285 3804 indice
1331 3774 1334 3779 ⁴

141 3852 226 3902 quem
243 3834 272 3888 in
289 3835 417 3888 tabulam
433 3833 617 3904 Lithographi
635 3833 740 3888 confeci
757 3852 782 3887 n.
804 3841 836 3888 94
852 3835 940 3903 posui.

213 3921 254 3989 **)
272 3919 388 3974 Praeter
410 3935 489 3972 aram
506 3918 607 3986 Pythia
630 3920 684 3972 duo
709 3919 823 3973 diversis
844 3919 912 3973 locis
934 3919 1017 3973 fuisse
1039 3919 1138 3973 statuit
1155 3920 1284 3990 Pittacas
1385 3971 1387 3977 .

140 4008 173 4059 ut
190 4023 275 4074 supra
291 4024 319 4074 p.
336 4011 368 4058 21
388 4004 510 4073 exposui.

200 4093 256 4159 ***)
274 4091 382 4145 Paucos
401 4089 512 4143 omnino
535 4088 632 4142 titulos
654 4089 683 4142 in
701 4091 803 4145 oliveto
822 4091 986 4158 repererunt
1008 4106 1127 4157 raraque
1146 4097 1283 4150 111111111-

141 4175 181 4229 tio
200 4194 295 4230 earum
314 4175 501 4229 ecclesiarum.
537 4175 621 4244 Apud
638 4176 736 4229 aedem
754 4175 911 4243 Prophetae
929 4174 1051 4228 Danielis
1073 4175 1101 4228 in
1122 4179 1212 4248 primo
1236 4185 1284 4235 cli-

142 4265 205 4317 veto
224 4263 329 4332 aliquot
348 4261 422 4330 cippi
440 4260 546 4314 inventi
567 4264 643 4330 sunt,
666 4265 813 4334 Ephemer.
832 4281 858 4316 n.
878 4267 943 4316 2066
962 4279 1023 4330 sqq.
1045 4281 1073 4331 p.
1093 4272 1232 4334 1111111..
1255 4272 1283 4321 et

142 4347 218 4400 basis
235 4349 366 4411 rotunda,
385 4350 423 4404 ib.
442 4368 468 4404 n.
488 4355 556 4402 2693
573 4367 600 4418 p.
621 4355 699 4414 13543
718 4349 751 4403 cf.
770 4350 849 4403 Ross.
868 4348 946 4400 Dem.
966 4366 993 4416 p.
1013 4352 1167 4406 8811107.
