2872 4876
630 297 799 367 Apparatus,
1248 285 1287 348 ll

143 463 290 527 sollerter
312 461 487 544 descriptae
510 463 599 544 111111,
621 481 721 543 pauca
742 461 851 523 tamen
872 457 982 522 insunt
1002 477 1081 539 quae
1102 457 1177 539 post
1198 476 1288 520 curas

143 564 333 630 Schauberti
355 584 550 648 cognoscere
572 583 687 647 operae
708 561 845 644 pretium
873 559 929 641 sit,
956 557 1144 641 praesertim
1166 557 1240 640 quia
1261 557 1288 620 is

144 666 199 749 qui
221 665 298 729 fecit
319 665 450 728 nomina
472 664 602 728 aedibus
624 663 802 727 adscribere
824 660 936 725 noluit.
967 658 1168 724 Gontulimus
1182 658 1290 721 tamen

141 767 244 831 sicubi
267 767 360 850 signo
389 767 423 829 in
446 765 633 830 Schauberti
661 764 769 829 tabula
796 784 886 828 11111
914 762 1020 826 minus
1048 760 1215 825 constabat
1236 760 1290 843 qui

114 860 118 865 ’
149 868 229 932 situs
252 868 388 934 aedificii
409 867 541 933 alicuius
563 867 685 933 fuisset.

441 1089 472 1144 8.
506 1085 731 1158 Lithographia
749 1083 986 1174 (Atheniensis).

226 1225 266 1290 In
282 1225 488 1290 ecclesiarum
510 1223 612 1309 signis
634 1223 756 1287 numeri
780 1222 930 1307 adscripti
953 1223 1041 1304 sunt,
1063 1220 1195 1284 numina
1209 1219 1289 1284 desi-

142 1329 300 1392 derantur.
349 1327 418 1403 Quo
443 1347 528 1390 anno
551 1329 606 1390 aut
627 1325 691 1415 ubi·
704 1325 788 1389 facta
810 1325 853 1388 sit
873 1323 983 1387 tabula
1009 1344 1077 1387 non
1099 1321 1214 1386 dicitur
1235 1343 1289 1386 ne-

142 1453 202 1513 que
224 1430 325 1513 liquet
347 1428 432 1512 quod
453 1448 571 1491 nomen
592 1427 689 1490 fuerit
711 1427 740 1489 ei
760 1426 814 1510 qui
836 1426 956 1490 fecerit.
986 1424 1136 1489 Forsitan
1149 1424 1289 1488 Pittaces

142 1552 226 1594 anno
258 1530 340 1594 1835
368 1532 423 1593 aut
449 1531 524 1612 post
551 1551 624 1593 eum
656 1550 775 1592 annum
801 1527 980 1593 faciendam
1007 1526 1163 1592 curaverit
1194 1526 1289 1610 idque

144 1631 238 1694 alicui
267 1630 323 1694 uni
356 1631 395 1694 de
422 1630 631 1696 familiaribus
657 1629 869 1714 mandaverit,
903 1629 957 1713 qui
984 1629 1093 1693 nescio
1121 1649 1163 1691 an
1189 1627 1288 1695 fuisse

144 1732 279 1796 Iatrides
301 1731 400 1796 videri
422 1732 533 1815 possit.
578 1732 728 1809 Quamvis
750 1731 858 1796 tabula
885 1730 1036 1813 anonymi
1057 1751 1117 1794 nec
1144 1751 1218 1815 pars
1247 1729 1289 1794 sit

144 1834 211 1897 eius
239 1834 313 1897 libri
341 1855 435 1917 quem
463 1833 600 1898 Pittaces
622 1833 781 1917 Antiquas
803 1832 947 1897 Athenas
976 1831 1140 1915 inscripsit
1169 1831 1289 1894 editum

143 1958 193 1999 an.
212 1936 303 2018 1835,
324 1957 383 2000 nec
398 1956 456 2019 pro
472 1935 687 2000 additamento
702 1933 951 2018 Ephemeridum
966 1932 1289 2017 Archaeologicarum

142 2037 254 2100 haberi
276 2040 385 2121 queat,
415 2059 492 2122 quas
515 2059 602 2102 anno
625 2037 705 2102 1837
733 2035 818 2100 idem
846 2057 955 2100 curare
983 2035 1101 2118 coepit,
1129 2034 1169 2098 ad
1190 2033 1289 2098 Pitta-
1388 2118 1391 2124 ¹

143 2160 212 2203 cem
239 2142 346 2204 tamen
374 2140 572 2223 aliquatenus
605 2139 780 2224 pertinere,
814 2159 853 2202 ex
879 2137 980 2223 signis
1009 2140 1042 2201 11
1067 2136 1193 2200 indiciis
1223 2137 1289 2219 qui-

142 2240 277 2303 busdam
304 2240 504 2327 intelligitur.
555 2241 690 2324 Dextra,
723 2240 758 2304 in
788 2239 933 2326 margine
960 2238 1123 2323 superiore
1156 2238 1289 2323 legitur:

142 2341 594 2424 pland’Athenesen1820.
638 2342 691 2405 Ad
719 2342 857 2425 laevam,
884 2342 920 2406 in
947 2341 1097 2405 inferiore
1126 2340 1288 2424 margine:

143 2443 360 2528 lithographie
382 2443 513 2527 Royale.
543 2444 642 2529 Regis
666 2443 817 2508 Graeciae
838 2445 927 2507 iussu
948 2442 1129 2506 institutam
1151 2441 1289 2505 Athenis
1425 2460 1429 2471 ·

144 2545 306 2606 officinam
340 2545 402 2607 dici
439 2545 596 2609 existimo.
651 2545 736 2610 Nam
770 2545 805 2608 in
837 2543 1087 2627 Ephemeridum
1119 2543 1288 2608 Archaeol.

145 2642 377 2726 lithographie
397 2645 419 2706 4
446 2645 525 2709 haec
547 2646 802 2710 subscribuntur:
830 2647 865 2709 ἐκ
885 2649 941 2723 τῆς
964 2649 1119 2725 βαειλικῆε
1142 2649 1290 2724 litoreu-

145 2745 237 2828 φίαε,
266 2745 320 2827 qui
351 2745 536 2828 fasciculus,
569 2747 705 2830 primus,
737 2746 772 2808 in
804 2746 908 2809 lucem
935 2744 1055 2827 prodiit
1083 2765 1167 2807 anno
1198 2745 1289 2810 1837.

144 2847 285 2909 Alterius
307 2847 451 2911 fasciculi
469 2846 582 2911 eodem
604 2868 688 2910 anno
712 2846 788 2910 editi
808 2844 1034 2930 lithographiis
1049 2845 1161 2928 tribus,
1185 2846 1214 2910 9.
1240 2848 1288 2911 10.

146 2949 198 3031 11,
222 2947 464 3012 subscribuntur
484 2949 577 3013 haec:
600 2950 726 3028 Λιθογρ.
749 2949 809 3014 ὑπ’
831 2949 872 3014 Ἀ.
891 2947 1041 3028 Φόρετερ.
1063 2983 1107 2994 -
1128 2947 1288 3029 Ἀντίγρα-

143 3071 210 3131 φον
239 3051 274 3115 ἑκ
294 3055 354 3116 τοῦ
384 3049 604 3131 πρωτοτύῆου
632 3051 714 3130 παρ’
740 3051 782 3115 Ἀ.
805 3049 966 3130 Ἰατρίδου.
993 3086 1037 3097 -
1064 3050 1192 3116 Τυπωθ.
1224 3045 1289 3117 ὑπὸ

145 3152 404 3232 (ταουδενμαῖερ.
426 3152 542 3216 -Ab
570 3151 700 3216 homine
723 3151 844 3216 Graeco
867 3150 984 3214 factam
1013 3172 1081 3214 esse
1111 3152 1204 3216 docet
1231 3153 1288 3218 ita-

145 3254 260 3316 cismus
292 3254 432 3317 nominis
466 3253 760 3318 KYDATHINEA
797 3255 829 3316 et
864 3253 1043 3316 commistio
1081 3254 1290 3339 confusioque

145 3354 237 3416 latini
252 3357 284 3416 11
298 3354 407 3438 gallici
422 3357 586 3438 sermonis,
602 3357 639 3419 ut
653 3355 751 3418 latine
764 3352 955 3437 Ceramicus,
971 3354 1086 3439 gallice
1100 3354 1289 3439 Erechthe'e,

145 3453 181 3517 Τ.
198 3453 364 3519 (11111111
387 3457 442 3539 11,
464 3458 643 3540 promiscue
666 3459 699 3520 11
720 3455 854 3519 absurde
876 3450 1108 3519 P.'d'Hadrian
1130 3457 1288 3522 scribitur.

144 3554 229 3618 Eum
252 3559 358 3620 autem
380 3557 434 3639 qui
455 3558 566 3622 fecerit
587 3559 705 3642 placita
724 3557 858 3622 Pittacis
880 3556 979 3620 fuisse
1007 3559 1188 3641 amplexum
1215 3558 1289 3621 inde

143 3660 233 3741 patet
265 3656 350 3740 quod
384 3679 501 3721 nomen
533 3659 738 3742 Kydathinea
768 3659 803 3722 in
835 3658 966 3743 regione
999 3659 1112 3740 Placa,
1148 3658 1289 3741 Ghamps

144 3759 276 3842 Elysees
305 3759 339 3821 in
366 3758 483 3822 vicinia
510 3760 635 3825 aedium
665 3761 725 3824 146
754 3759 941 3846 (Theodori)
976 3762 1009 3824 et
1038 3760 1097 3823 141
1128 3759 1288 3847 (Georgii)

143 3861 265 3946 posuit3
295 3860 387 3924 aedes
416 3859 446 3928 S.
475 3860 635 3926 Theodori
663 3865 696 3926 et
724 3860 755 3926 S.
785 3860 917 3947 Georgii
950 3863 985 3924 111
1012 3883 1044 3924 n.
1075 3861 1135 3923 179
1165 3864 1197 3923 et
1226 3860 1287 3926 152

143 3966 271 4025 nostrae
292 3961 419 4025 tabulae
441 3962 589 4046 reperies.
634 3962 931 4046 Gydathenaeorum
960 3965 1066 4026 autem
1087 3983 1222 4046 pagum,
1246 3963 1287 4027 cf.

143 4085 174 4125 n.
197 4063 254 4145 59,
282 4063 414 4147 Πλὰκα,
442 4064 474 4127 11
502 4061 639 4148 Gampos
667 4064 795 4148 Elysios
803 4064 834 4151 ³¹²)
864 4065 899 4128 in
932 4065 977 4128 eis
1005 4063 1071 4127 fere
1099 4063 1179 4128 locis
1207 4079 1288 4148 quae

147 4177 347 4246 -2

213 4333 239 4399 *)
263 4331 382 4404 Campos
405 4333 523 4404 Elysios,
551 4351 569 4388 a
589 4333 698 4390 Pittace
720 4334 749 4387 in
776 4333 892 4404 regione
915 4332 1105 4400 ‚‚Calami0ti“
1128 4333 1285 4400 collocatos,

1347 4518 1402 4560 A
