2872 4876
481 298 622 355 Ecclesiae
637 317 724 370 prope
740 299 850 354 llissum
866 301 943 353 sitae.
1241 294 1281 358 57

485 464 634 540 Παναγία
656 462 700 528 εἰ(
720 465 779 543 τὴν
804 465 937 542 Πέτραν.

225 598 393 681 Templum
415 599 517 662 Iouici
540 598 660 661 ordinis
681 601 769 661 trans
784 596 913 661 Ilissum
936 599 1031 662 situm
1046 621 1145 682 prope
1161 600 1283 663 fontem

141 701 341 767 Callirrhoen
375 704 406 763 et
433 701 570 763 insulam
597 721 693 782 quum
722 700 844 783 antiqui
871 700 1083 764 Athenienses
1113 698 1220 765 Cereri
1251 705 1283 764 et

141 804 351 885 Proserpinae
374 804 428 864 aut
450 800 645 884 Triptolemo
651 851 660 883 ‚
690 801 729 864 cf.
753 801 887 866 Pausan.
910 803 977 865 Att.
1004 803 1057 884 14,
1083 805 1115 884 1,
1144 802 1282 865 dedicas·

142 909 229 986 sent,
247 903 422 968 Christiani
441 903 475 965 11
491 903 600 966 aedem
616 901 734 965 Beatae
749 902 892 987 Virginis
911 905 1142 967 convertenmt.
1164 903 1284 966 Prioris

144 1006 261 1069 saeculi
284 1027 367 1068 anno
391 1025 455 1066 uno
478 1007 511 1067 et
539 1003 771 1088 septuagesimo
801 1005 944 1069 fimditus
967 1006 1104 1069 deletum
1132 1007 1188 1067 est.
1234 1002 1283 1068 Of.

141 1107 294 1172 Labordii
316 1106 433 1171 Athen.
456 1105 473 1168 I
495 1129 525 1189 p.
552 1105 700 1188 126101.
1245 1147 1246 1150 η

227 1210 417 1292 Anonymus
433 1207 625 1271 Viennensis
648 1210 668 1287 ξ
684 1207 701 1270 1
718 1206 796 1271 haec
810 1206 920 1271 habet:
944 1208 988 1274 etc
1002 1211 1041 1288 ἣν
1058 1209 1284 1291 (Καλλιρρόην)

142 1312 319 1389 λουόμενοι
342 1309 499 1390 ἀνήρχετο
521 1311 565 1375 εἰ(
587 1311 718 1387 τέμενος
740 1315 795 1389 τῆ(
810 1311 910 1390 Ἥρα(
926 1311 1101 1389 λεγόμενον
1123 1312 1175 1375 καὶ
1189 1332 1285 1389 προ(-

144 1414 260 1492 ηύχετο
291 1413 323 1492 (ὁ
353 1413 458 1494 tobit
486 1419 545 1479 νῦν
575 1414 610 1476 δὲ
638 1413 827 1490 μετεποιήθη
854 1412 899 1476 εἰ(
926 1414 1015 1478 ναὸν·
1035 1416 1090 1491 τῆ(
1113 1410 1286 1491 ὑπεραγία(

145 1515 310 1578 Θεοτόκοα
344 1515 408 1579 ὑπὸ
442 1519 508 1579 τῶν
542 1514 689 1592 εὐεεβῶν.
741 1508 789 1575 Of.
822 1511 928 1576 Rossii
961 1512 1285 1597 Archaeologicorum

143 1615 206 1676 vol.
229 1614 245 1676 I
272 1636 302 1696 p.
325 1613 388 1677 252
415 1616 465 1678 161
487 1614 635 1678 Labordii
657 1613 774 1677 Athen.
798 1613 814 1676 I
835 1637 865 1697 p.
891 1614 939 1677 19.
985 1613 1076 1688 Quod
1099 1615 1165 1677 eius
1188 1612 1285 1676 eccle-

145 1715 209 1778 siae
232 1715 383 1777 traditum
405 1719 453 1779 est
475 1717 559 1779 aliud
580 1737 698 1779 nomen
709 1715 740 1800 1)
764 1716 879 1778 falsum
901 1715 1126 1779 existimamus.

229 1814 384 1899 BabinuS,
408 1839 457 1880 an.
476 1817 571 1899 1612,
595 1817 751 1881 desertam
773 1821 806 1879 et
827 1817 1009 1880 derelictam
1025 1818 1191 1880 ecclesiam
1214 1838 1283 1878 esse

146 1917 232 1981 dicit.
278 1917 326 1981 of.
351 1916 818 2000 1111011111Α11161.Ιρ.205.
849 1918 992 2000 Apparet
1013 1918 1112 2001 igitur
1133 1938 1200 1979 non
1213 1939 1286 2000 pro-

144 2022 216 2102 pter
239 2042 328 2082 sacra
343 2019 487 2083 Romano
503 2020 566 2082 ritu
586 2019 631 2082 ibi
646 2021 731 2082 facta
745 2019 874 2083 iubente
889 2019 1075 2101 Marchione
1090 2018 1129 2082 de
1143 2018 1176 2083 N
1178 2018 1286 2101 ointel‚

148 2120 304 2184 desertam
334 2143 410 2185 esse.
463 2119 604 2184 Babinus
638 2121 722 2185 enim
749 2121 879 2184 biennio
912 2124 986 2184 ante
1020 2121 1162 2204 scripsit,
1194 2142 1288 2202 quam

145 2221 288 2287 Marchio
315 2223 369 2286 ille
396 2222 543 2306 liturgiae
575 2223 610 2285 in
636 2221 666 2287 S.
687 2222 832 2308 Virginis
858 2221 1000 2286 Sarranae
1025 2223 1100 2286 aede
1124 2222 1288 2286 habendae

145 2328 255 2388 auctor
276 2325 374 2388 fieret.
420 2323 469 2389 Of.
492 2323 627 2388 Labord.
651 2325 671 2388 l.
694 2325 714 2388 l.
736 2347 767 2407 p.
793 2324 941 2389 126111.

231 2425 384 2509 Sponius,
409 2447 458 2488 an.
484 2425 582 2507 1678,
610 2427 764 2509 templum
793 2425 900 2491 Cereri
928 2429 961 2489 et
981 2425 1190 2510 Proserpinae
1212 2425 1288 2488 olim

146 2528 339 2609 dedicatum,
373 2529 450 2589 tunc
484 2527 519 2588 in
546 2527 712 2591 ecclesiam
746 2548 933 2591 conversum
964 2528 1130 2610 descripsit
1158 2548 1288 2590 nomen-

147 2651 207 2711 que
229 2628 621 2706 1111111111τῆ1Παναγία(
644 2629 687 2693 εἰ(
709 2633 767 2708 τὴν
789 2631 933 2709 Πέτραν,
956 2629 1064 2692 latinis
1086 2628 1139 2691 ille
1163 2621 1289 2710 quidem

147 2729 247 2793 literis
269 2750 353 2791 usus.
399 2727 447 2792 Of.
470 2727 605 2792 Labord.
628 2727 662 2791 ΙΙ
683 2751 713 2810 p.
732 2729 786 2810 18,
808 2727 863 2790 ubi
887 2728 1049 2791 scribitur:
1080 2728 1222 2812 Panagia
1244 2729 1289 2791 eis

147 2835 201 2894 teu
223 2830 350 2893 Petrau.
395 2828 434 2891 Iu
461 2828 596 2892 tabellae
619 2828 798 2911 Sponianae
826 2851 957 2892 numero
980 2830 1026 2898 35.
1049 2833 1097 2893 est
1123 2828 1289 2913 Templum

147 2932 284 3015 Cereris3
308 2931 350 2995 ib.
374 2930 407 2994 ΙΙ
429 2953 459 3013 p.
480 2930 530 2994 26.

231 3033 347 3097 Postea
374 3033 541 3096 immutata
567 3032 670 3096 forma
698 3033 899 3117 cognominis
926 3031 1058 3096 videtur.
1109 3033 1204 3116 Apud
1231 3032 1289 3098 Fa-

147 3136 278 3198 nellium
299 3157 329 3216 p.
354 3135 414 3199 331
439 3136 501 3197 est:
528 3133 692 3223 Paneggia
720 3135 765 3198 sic
791 3134 994 3217 Petriotissa,
1022 3134 1106 3217 apud
1128 3133 1290 3198 Stuartum

149 3237 258 3318 Antiq.
280 3236 330 3299 ΙΠ
353 3259 383 3320 p.
406 3236 436 3298 V
458 3236 493 3299 in
515 3235 766 3300 commentariis:
788 3236 931 3322 Panagia
959 3238 991 3300 et
1011 3235 1100 3299 Petri
1111 3235 1176 3321 **)‚
1205 3237 1290 3319 quod

151 3501 242 3550 mero,
266 3486 295 3538 et
316 3486 370 3538 situ
391 3505 446 3543 una
469 3489 593 3543 omnium
614 3489 734 3542 maxime
756 3489 793 3542 ad
815 3489 951 3544 orientem
973 3490 1109 3557 spectans.
1150 3487 1292 3542 Praeclari

150 3573 245 3624 tamen
263 3568 412 3623 metatores
429 3573 474 3626 vel
490 3574 582 3642 potius
593 3573 749 3628 imitatores
767 3572 804 3626 ad
821 3574 993 3628 occidentem
1004 3589 1099 3628 versus
1117 3574 1288 3638 aberrarunt,

150 3655 248 3723 utpote
272 3654 320 3722 qui
341 3668 396 3707 non
418 3656 506 3710 solum
528 3658 637 3712 llissum
662 3657 895 3711 transvolaverint
921 3659 970 3713 sed
991 3657 1180 3712 transiluerint
1207 3657 1290 3710 etiam

150 3738 272 3804 moenia,
290 3738 466 3793 immemores
483 3740 524 3793 illi
541 3742 653 3811 quidem
670 3741 740 3809 legis
757 3742 917 3796 Romuleae.

234 3824 259 3890 *1
277 3824 310 3875 Ι1
327 3822 464 3890 Anonymi
481 3824 650 3880 Labordiani
667 3826 878 3893 commentario,
903 3826 950 3892 qui
972 3827 1008 3880 ad
1027 3825 1228 3894 Oapucinorum
1251 3825 1291 3879 ta-

150 3909 245 3961 bulam
263 3906 340 3960 urbis
356 3906 529 3962 Athenarum
546 3910 685 3977 pertinere
706 3911 828 3977 videtur,
851 3911 883 3964 cf.
902 3910 1035 3983 Labordii
1052 3910 1151 3963 Athen.
1172 3910 1184 3961 Ι
1201 3927 1228 3976 p.
1248 3914 1290 3976 80,

149 3993 266 4061 legimus
293 3993 438 4047 eeclesiam
461 3991 487 4046 S.
512 3993 626 4063 Georgii
652 4013 711 4051 esse
737 3998 812 4050 intra
838 3995 978 4050 columnas
1004 3997 1156 4061 aedemque
1184 3992 1291 4047 Cereris

150 4077 299 4131 conditam.
336 4076 392 4130 Sed
410 4078 528 4131 obscuro
547 4078 604 4133 eius
623 4079 815 4134 commentarii
832 4079 974 4148 scriptori,
996 4079 1043 4132 uni
1061 4096 1078 4132 a
1094 4078 1220 4146 pluribus
1239 4079 1292 4133 dis-

149 4161 278 4216 sentienti
296 4161 384 4229 iisque
401 4162 587 4231 locupletibus
606 4165 777 4230 auctoribus,
800 4164 919 4233 apparet
940 4163 1009 4216 nihil
1026 4162 1205 4217 tribuendum
1223 4182 1289 4221 esse.

217 4247 257 4313 **)
275 4247 370 4300 Altero
388 4245 511 4313 nomine,
529 4247 618 4315 Petri,
637 4265 699 4304 eam
717 4247 844 4302 denotari
866 4247 976 4315 aedem,
999 4247 1034 4300 de
1053 4264 1108 4313 qua
1129 4265 1200 4302 nunc
1219 4266 1291 4303 com·

151 4331 320 4396 mentamur,
341 4331 387 4385 vel
408 4331 472 4385 inde
494 4333 585 4402 patet,
610 4334 685 4400 qnod
708 4332 862 4389 Stuartiaui
883 4332 948 4388 libri
970 4331 1089 4387 editores
1112 4332 1128 4385 l.
1148 4333 1165 4386 l.
1188 4333 1290 4402 dicunt,
