2872 4876
597 300 655 350 Arx
670 297 698 350 et
715 296 887 365 Areopagus.
904 337 910 348 .
1277 294 1317 356 47

169 463 372 546 intelligitur.
417 461 500 523 Istas
524 464 629 522 autem
652 459 753 521 scalas
776 458 883 520 nescio
907 480 948 520 an
970 458 1088 521 idcirco
1112 459 1227 522 artifex
1249 462 1318 543 pin-

128 580 139 593 *
168 565 252 628 xerit
280 567 317 625 ut
338 563 470 643 Pittaci,
499 561 538 623 cf.
561 560 638 622 Ant.
662 558 780 622 Athen.
809 581 839 641 p.
862 559 927 621 444
934 607 943 640 ,
972 581 1102 641 operam
1130 583 1219 623 suam
1247 583 1318 643 pro-

168 665 311 750 baret*)
683 762 715 827 N
748 763 791 825 44

603 883 670 957 Ἅγ.
693 881 885 945 Ἀθανάειοε.

257 1021 324 1085 Sita
347 1023 396 1083 est
410 1016 580 1082 Athanasii
603 1013 695 1079 aedes
718 1015 752 1076 in
766 1015 930 1099 Areopagi
951 1016 1110 1080 radicibus
1126 1018 1166 1080 ad
1181 1021 1317 1100 septem-

124 1136 128 1143 '
169 1124 291 1186 triones
313 1120 528 1205 vergentibus,
575 1116 779 1199 Conspicitur
802 1139 820 1179 a
842 1116 975 1181 Theseo,

256 1227 302 1288 ΑΓ
324 1222 550 1288 ΑΘΑΝΑΣΙΟΣ
574 1219 758 1282 Schaubert.

256 1326 298 1388 84
320 1326 368 1400 ἅγ.
391 1324 574 1388 Ἀθανάειοε
596 1319 739 1403 Lithogr.
764 1319 976 1385 Monacensis,

256 1427 297 1490 96
320 1425 464 1508 Lithogr.
488 1422 704 1485 Atheniensis.

256 1527 395 1590 Pittacas
417 1526 451 1588 in
473 1524 583 1607 Antiq.
606 1523 725 1586 Athen.
748 1545 779 1606 p.
802 1523 866 1586 442
889 1528 1050 1606 repertum
1072 1525 1117 1588 ibi
1139 1547 1209 1589 esse
1239 1526 1317 1589 dicit

171 1628 317 1690 titulum:
351 1629 528 1692 Ἀπόλλωνι
561 1627 779 1710 προετατηρίῳ
814 1625 1013 1709 colligitque,
1048 1627 1114 1689 eius
1148 1628 1198 1690 dei
1231 1651 1317 1690 aram

173 1729 205 1794 S.
229 1728 398 1791 Athanasii
420 1729 491 1791 loco
514 1727 677 1812 fuisse**).
725 1726 784 1790 Oui
807 1727 1009 1810 inscriptioni
1030 1730 1158 1792 tametsi
1173 1723 1318 1793 'dubitari

170 1834 279 1914 potest
301 1833 453 1913 quantum
480 1810 683 1892 tribuentium
705 1828 761 1910 sit,
791 1827 865 1909 quia
892 1827 1016 1910 praeter
1037 1828 1194 1893 Pittacem
1222 1853 1316 1894 nemo

170 1933 265 2015 vidit,
296 1933 334 1995 cf.
364 1931 528 2015 Rangabis
555 1930 665 2012 Antiq.
694 1928 727 1992 ΙΙ
755 1952 786 1993 11.
816 1929 897 1993 1057
927 1953 957 2012 p.
982 1930 1058 1994 752:
1091 1933 1198 1994 tamen
1232 1932 1317 2014 quod

170 2035 274 2098 voluit
295 2034 349 2096 ille
371 2056 438 2097 non
460 2032 610 2096 abhorret
632 2032 672 2094 ab
694 2052 732 2094 eo
755 2030 839 2114 quod
861 2030 899 2094 Ε.
917 2031 1027 2094 Curtio
1048 2032 1215 2116 probatur,
1238 2037 1316 2096 tem-

167 2137 257 2219 plum
280 2136 440 2218 Apollinis
464 2135 497 2198 in
519 2134 699 2217 propinquo
722 2134 829 2196 fuisse.
875 2132 924 2196 Of.
949 2133 1052 2197 Curtii
1075 2133 1164 2198 stud.
1188 2136 1255 2198 Att.
1272 2135 1314 2217 ll,

168 2239 222 2300 ubi
244 2239 278 2300 in
300 2239 426 2301 tabulae
448 2261 479 2300 n.
503 2238 523 2300 3
545 2236 701 2318 templum
722 2234 893 2317 Apollonis
916 2235 1016 2298 Patrii
1037 2237 1176 2319 ponitur.

680 2462 807 2470 ---

623 2662 749 2762 Caput
773 2665 860 2738 VH.

168 2865 367 2948 Ecclesiae
396 2834 650 2946 suburbanae
677 2862 728 2945 ad
756 2860 1003 2945 occidentem
1029 2882 1171 2946 versus
1199 2864 1313 2950 sitae.

252 3070 374 3133 Paucas
408 3068 557 3132 ecclesias
593 3067 655 3130 hoc
688 3067 792 3150 capite
826 3067 1082 3150 complectimur,
1119 3069 1313 3153 propinquas

168 3193 278 3234 omnes
301 3175 333 3235 et
354 3194 455 3254 paene
478 3171 630 3253 urbanas,
653 3191 712 3232 nec
734 3172 880 3232 nostrum
901 3172 1049 3251 putamus
1065 3169 1149 3233 ultra
1163 3174 1313 3256 progredi

169 3276 205 3334 ut
226 3273 378 3335 olivetum
401 3272 705 3357 comprehendamus
727 3271 762 3334 in
781 3293 843 3352 quo
861 3272 1039 3354 permultas
1062 3272 1154 3335 aedes
1177 3276 1209 3335 et
1230 3275 1313 3337 aedi·
1360 3314 1363 3318 ·

169 3377 254 3435 cules
278 3395 380 3436 sacras
404 3375 578 3438 Christiani
601 3373 907 3460 exstruxerunt***).
939 3374 1033 3438 Libet
1054 3378 1162 3439 tamen
1183 3398 1311 3439 narrare

169 3475 203 3536 in
226 3473 350 3537 Oolono
374 3475 405 3538 S.
428 3476 562 3540 Eleusae
585 3476 695 3539 aedem
717 3497 785 3539 esse
808 3498 907 3559 prope
930 3475 967 3540 Ο.
991 3475 1118 3541 Miilleri
1141 3480 1173 3541 et
1194 3478 1311 3541 henor-

252 3750 277 3816 *)
297 3746 385 3812 Quem
408 3745 555 3815 adscripsit
575 3764 721 3801 numerum
743 3753 776 3801 55
798 3747 899 3801 falsum
922 3764 981 3801 esse
1005 3749 1131 3816 apparet.
1167 3748 1199 3800 In
1220 3747 1310 3802 indice
1357 3772 1360 3777 ¹

167 3850 251 3901 quem
268 3833 297 3886 in
314 3833 442 3886 tabulam
459 3831 643 3902 Lithographi
661 3832 766 3886 confeci
783 3850 808 3885 n.
829 3839 862 3886 94
878 3833 966 3901 posui.

238 3919 279 3987 *³³7
297 3917 413 3972 Praeter
436 3933 514 3971 aram
531 3916 632 3984 Pythia
655 3917 709 3970 duo
734 3916 848 3971 diversis
869 3916 937 3970 locis
960 3918 1042 3971 fuisse
1064 3916 1163 3971 statuit
1180 3918 1310 3988 Pittaces,
1410 3967 1413 3974 .

166 4006 197 4057 ut
215 4021 300 4073 supra
317 4022 344 4072 p.
362 4009 393 4056 21
414 4001 536 4070 exposui.

225 4091 281 4157 ***)
300 4089 407 4142 Paucos
426 4087 537 4141 omnino
561 4086 657 4140 titulos
679 4086 709 4141 in
727 4089 828 4143 oliveto
847 4089 1012 4157 repererunt
1034 4105 1153 4155 raraque
1172 4095 1308 4147 000111011-

166 4174 206 4227 tio
226 4191 321 4227 earum
339 4173 526 4227 ecclesiarum.
563 4173 646 4241 Apud
664 4173 761 4226 aedem
779 4173 937 4243 Prophetae
954 4173 1076 4226 Danielis
1098 4173 1127 4227 in
1148 4178 1238 4245 primo
1262 4182 1309 4233 oli-

167 4261 230 4314 veto
249 4261 355 4329 aliquot
373 4259 448 4328 cippi
465 4258 571 4312 inventi
593 4262 669 4328 sunt,
691 4263 838 4331 Ephemer.
857 4280 883 4314 n.
903 4265 969 4315 2066
987 4277 1048 4328 sqq.
1071 4280 1098 4330 p.
1119 4269 1184 4318 1095
1202 4281 1257 4331 sq.,
1281 4269 1309 4319 et

167 4344 243 4398 basis
261 4346 392 4408 rotunda,
411 4347 449 4402 ib.
468 4367 494 4402 n.
514 4353 581 4400 2693
598 4365 625 4415 p.
647 4352 724 4413 13543
744 4348 776 4401 cf.
795 4348 874 4400 Roas.
894 4346 972 4398 Dem.
992 4364 1018 4414 p.
1039 4350 1072 4399 88
1090 4351 1118 4402 et
1138 4356 1193 4403 107.
