2872 4876
107 254 150 316 hl
605 254 694 325 Caput
710 254 755 309 111.

107 446 137 505 p.
160 421 225 484 475
253 418 420 498 „Santiras
449 418 587 480 (⁴otaci“
613 419 633 481 i.
657 443 683 480 e.
708 418 817 497 (ωτὴρ
842 418 964 498 Κοτάκη
993 418 1041 482 ’10
1070 421 1277 507 nominatur,

109 523 198 604 regio
221 528 326 583 autern
350 542 429 602 quae
451 519 641 581 describitur
665 518 757 581 Plaea
779 524 843 601 est,
866 522 905 583 cf.
930 521 972 584 ib.
997 543 1029 604 p.
1055 523 1140 588 480.

623 686 662 770 Ν.
687 688 737 751 61.

577 808 644 882 Ἅγ.
669 806 785 886 (ωτήρ.

192 944 333 1027 Exigua,
357 946 390 1004 nt
414 942 550 1019 ridetur,
574 940 666 1002 aedes
690 963 788 1023 prope
811 942 976 1004 ecclesiam
1001 942 1150 1010 Ioannis
1177 948 1278 1033 Chry-

106 1046 239 1109 sostoani
262 1046 304 1106 llll
327 1045 401 1123 fuit,
426 1043 614 1124 interposito
637 1043 763 1104 tramite
787 1044 836 1105 cni
859 1065 942 1105 nunc
967 1066 1100 1111 nomeu
1124 1053 1180 1112 est
1202 1052 1279 1118 obde

111 1148 276 1226 Ἀετερίου.

193 1252 240 1314 ΑΓ
263 1248 397 1312 ΣΩΤΗΡ
420 1245 604 1309 Schauhort.

192 1352 285 1425 3111.
309 1350 419 1427 (ωτήρ
445 1347 586 1429 hilhogr.
610 1345 819 1409 Monacensis.

195 1453 238 1512 44
261 1449 403 1531 Lithogr.
429 1447 645 1511 Atheniensis.

621 1600 662 1664 N.
686 1601 735 1664 62.

540 1722 606 1796 Ἅγ.
630 1720 820 1784 Ἀθανάειοο

193 1856 361 1919 Athanasii
378 1856 524 1936 eeclesia,
541 1855 655 1938 exiguo
672 1856 765 1939 signo
787 1855 936 1918 denotata
958 1856 992 1918 iu
1005 1860 1163 1947 tabulis,
1180 1888 1282 1951 prope

107 1960 169 2022 fuit
190 1957 301 2021 aedem
324 1956 354 2021 S.
379 1957 522 2020 Antonii.

192 2062 238 2123 ΑΓ
261 2059 488 2123 ΑΘΑΝΑΣΙΟΣ
512 2057 694 2121 Schaubert.

192 2161 284 2234 ῠᾶγ.
308 2161 491 2223 Ἀθανάειο(
513 2158 656 2242 Lithogr.
680 2158 891 2222 Monacensis,

192 2262 231 2322 41
258 2259 401 2342 Lithogr.
426 2259 640 2322 Atheniensis

619 2394 660 2458 N.
684 2396 734 2460 63.

547 2517 614 2591 Ἅγ.
636 2516 813 2580 Ἀντώνιος.

192 2649 267 2713 Fuit
288 2651 373 2713 inter
394 2651 599 2713 Accaterines
623 2650 788 2713 ecclesiam
812 2653 843 2712 et
864 2673 971 2714 arcum
986 2651 1177 2746 Hadriani,
1203 2687 1278 2750 pro.

107 2753 178 2836 pius
211 2752 386 2816 aediculam
419 2752 597 2815 Athanasii.
642 2752 715 2815 Una
747 2773 832 2815 nunc
860 2753 1048 2816 Aecaterinc
1087 2770 1276 2845 superstes,

106 2854 159 2918 Fr.
182 2853 377 2918 Schmidtius
399 2854 577 2936 praefectus
605 2853 690 2915 horti
712 2853 793 2936 regii
820 2853 855 2915 iu
882 2876 955 2917 area
981 2856 1036 2919 nbi
1067 2861 1171 2927 sedes
1205 2872 1276 2931 erat

109 2954 141 3018 S.
164 2957 300 3017 Antonii
323 2955 453 3017 domum
481 2955 541 3016 sibi
571 2955 726 3017 exstruxit
751 2953 858 3037 ibique
885 2956 1017 3020 habitat.
1068 2959 1158 3027 Eius
1192 2990 1275 3032 uxor

109 3061 181 3117 ortu
204 3055 324 3118 Graeca
347 3055 378 3118 S.
396 3055 530 3116 Antonii
552 3077 571 3118 a
592 3055 706 3117 marito
729 3076 786 3118 suo
809 3058 931 3139 expulsi
952 3058 1032 3120 iram
1047 3064 1160 3128 verita
1186 3071 1273 3134 aedi-

107 3157 210 3219 culam
233 3156 368 3220 eondere
391 3156 518 3219 volebat
547 3160 579 3219 et
600 3155 742 3219 Antonio
766 3157 910 3221 dedicare
940 3160 1090 3242 placandi
1114 3172 1271 3236 numinis

109 3279 217 3340 causa,
240 3281 343 3342 neque
365 3262 473 3322 tamen
495 3259 645 3322 condidit.
676 3257 793 3322 Filium
814 3264 919 3333 autem
941 3300 983 3307 —
1005 3269 1146 3348 μοῦνον,
1173 3275 1272 3353 mm.

107 3381 204 3436 γετον
226 3359 404 3423 Antonium
424 3365 572 3444 parentes
594 3360 847 3426 nominaverunt.
1123 3360 1129 3366 ’

190 3465 238 3528 ΑΓ
259 3462 462 3528 ΑΝΤΩΝΙΟΣ
485 3461 668 3528 Schaubert.

191 3565 212 3628 6
235 3566 285 3642 dr.
308 3566 479 3631 Ἀντώνιος
501 3565 644 3652 Lithogr.
668 3565 880 3629 Monacensis

190 3668 234 3730 40
256 3666 402 3752 Lithogr.
425 3667 642 3741 Atheniensis.

191 3768 310 3833 Decem
339 3769 455 3832 abhinc
483 3771 575 3832 annis
603 3773 789 3832 manserunt
816 3770 998 3851 parietinae.
1048 3769 1137 3837 Nam
1176 3801 1266 3844 anno

111 3872 193 3936 1856
215 3871 354 3935 Pittacas
376 3872 410 3934 in
433 3870 603 3954 Ephemer.
627 3869 711 3933 2789
732 3893 764 3952 p.
783 3870 865 3934 1392
886 3871 963 3934 haec
986 3871 1131 3954 scripsit:
1156 3881 1266 3962 ηὗρον

107 3975 206 4053 αὐτὴν
229 3977 301 4056 (τὴν
324 3975 507 4054 ἐπιτύμβιον
531 3974 662 4054 (τήλην)
685 3972 729 4037 εἰ(
749 3973 787 4036 τὸ
810 3974 937 4051 βόρειον
959 3975 1055 4052 μέρος
1076 3984 1139 4043 τοῦ
1161 3985 1265 4052 τόξου

106 4078 165 4138 τοῦ
188 4075 355 4155 Ἁδριανοῦ
378 4077 422 4141 εἰ(
442 4078 483 4140 τὰ
505 4076 628 4153 ἐρείπια
649 4077 705 4151 τῆ(
727 4073 887 4153 ἐκκληείαε
909 4081 966 4140 τοῦ
988 4076 1051 4152 Ἁγ.
1069 4078 1263 4151 Ἀντωνίου.

190 4177 242 4238 Ad
269 4178 379 4241 aedem
408 4176 439 4241 S.
468 4175 604 4238 Antonii
632 4173 783 4257 Cyriacus
811 4198 961 4259 magnam
989 4177 1076 4240 illam
1104 4203 1147 4246 ex
1176 4208 1264 4251 mar-

106 4297 194 4339 more
216 4279 397 4343 colmnnam
424 4277 523 4340 fuisse
545 4280 656 4342 auctor
683 4280 745 4359 est,
774 4276 808 4341 in
835 4300 897 4360 qua
924 4279 1096 4360 inscriptus
1125 4286 1263 4355 titulus:
