2872 4876
280 301 321 358 De
336 302 452 358 aedibus
467 300 553 357 sacris
568 301 790 358 Christianorum
805 302 1026 358 Atheniensium.
1204 299 1224 361 3

76 467 131 549 plo
154 465 197 528 sit
217 464 326 529 tabula
347 486 525 530 marmorea
552 466 587 530 in
608 465 728 530 Bacchi
749 464 874 529 theatro
902 486 1005 548 nuper
1034 463 1163 545 effossa,
1191 464 1225 527 in

77 588 139 650 qua
161 566 223 630 duo
245 566 414 649 plebiscita
436 566 555 651 scripta
576 569 659 650 sunt,
682 567 794 633 Novae
815 565 1037 650 Ephemeridis
1059 566 1094 628 in
1115 587 1146 628 u.
1165 564 1226 628 180
1345 627 1348 636 ,

77 668 170 731 edita.
215 667 255 730 In
282 671 417 751 utroque
444 669 629 753 plebiscita,
656 669 712 732 lin.
744 669 783 732 19
812 671 844 732 et
864 668 922 751 55,
950 667 1029 731 haec
1059 666 1226 752 leguntur:

77 769 263 850 ἀναγράψαι
286 772 322 836 δὲ
344 772 418 836 τόδε
440 773 479 836 τὸ
502 771 649 852 ψήφιιμα
671 773 730 837 τὸν
752 771 936 852 γραμματέα
962 769 1123 843 τὸνκατὰ
1143 789 1222 849 πρα-

76 872 205 938 τανείαν
229 872 264 938 ἐν
288 873 383 958 ετήλῃ
407 874 509 958 λιθίνῃ
532 875 583 937 καὶ
606 877 711 952 (τῆιαι
739 874 774 939 ἐν
801 880 846 957 τῷ
875 872 998 952 τεμένει
1024 875 1083 937 τοῦ
1105 871 1227 938 Διονύ-

78 995 143 1039 tou.
188 972 222 1036 Si
244 972 325 1056 lapis
347 973 402 1037 ubi
424 973 528 1057 primo
558 973 621 1037 fuit
638 974 687 1037 ibi
709 995 835 1057 semper
855 973 992 1056 mansit,
1021 973 1048 1035 is
1076 974 1165 1036 locus
1192 972 1228 1036 in

78 1095 140 1157 quo
162 1077 307 1158 repertus
330 1078 379 1138 est
393 1074 532 1138 dubitari
553 1097 621 1138 non
642 1078 759 1159 potest,
782 1076 860 1159 quin
874 1073 993 1139 Bacchi
1015 1095 1104 1137 sacer
1120 1073 1225 1138 fuerit.
1331 1154 1333 1159 .

77 1176 117 1238 ln
138 1175 198 1238 hac
221 1175 349 1259 quidem
370 1198 406 1240 re
429 1177 612 1241 coniectura
632 1197 699 1240 non
721 1199 801 1261 opus
824 1176 974 1259 omnique
997 1175 1226 1259 disceptatione

78 1280 111 1340 et
132 1277 332 1341 dubitatione
358 1278 626 1362 supersedendum
647 1282 711 1363 est,
740 1278 825 1362 quod
851 1274 935 1342 inter
963 1298 1073 1341 omncs
1101 1279 1227 1341 constat

77 1379 184 1442 locum
212 1401 251 1442 ex
279 1401 341 1463 quo
368 1379 512 1444 tabulam
540 1381 629 1444 illam
658 1383 807 1445 eruerunt
833 1378 953 1444 Bacchi
985 1379 1085 1443 fuisse
1112 1381 1225 1442 totum.

77 1480 214 1563 Propter
236 1481 269 1544 id
291 1481 398 1565 ipsum
419 1481 571 1546 idoneum
593 1484 774 1566 exemplum
802 1486 851 1547 est
872 1503 911 1546 ex
933 1502 995 1564 quo
1017 1481 1225 1565 intelligatur,

79 1582 202 1644 etiamsi
225 1582 263 1646 de
286 1583 357 1647 loco
378 1605 446 1647 non
468 1586 643 1666 constaret,
672 1583 783 1648 doctos
811 1583 958 1647 homines
981 1582 1164 1647 coniectura
1186 1604 1225 1646 cx

79 1682 173 1744 titulo
202 1705 233 1765 p.
264 1683 326 1747 180
352 1684 437 1748 facta
463 1706 530 1750 non
558 1685 758 1749 aberraturus
785 1685 894 1749 fuisse.
938 1682 1226 1769 Topographorum

79 1782 178 1866 igitur
199 1784 337 1849 maxime
359 1786 493 1851 interest
513 1787 647 1852 indicari
662 1786 833 1872 diligenter
852 1786 907 1850 ubi
921 1786 1070 1851 inventae
1093 1785 1158 1850 sint
1179 1785 1226 1848 in·

79 1884 271 1968 scriptiones
279 1887 320 1973 *)
434 1883 436 1887 ’

164 1987 255 2063 Quod
278 2010 374 2074 supra
394 1991 510 2076 negavi
531 1994 635 2056 terrae
658 1990 855 2074 superficiem
882 1990 943 2063 his,
963 1988 1095 2054 saeculis
1117 1990 1226 2052 natam

78 2093 133 2153 aut
161 2090 279 2155 factam
306 2091 341 2156 in
369 2114 431 2176 qua
457 2115 544 2158 nunc
572 2094 615 2157 sit
641 2093 717 2156 urbs
746 2095 778 2157 et
805 2092 894 2156 illam
922 2112 1002 2176 quae
1024 2089 1227 2173 antiquarum

79 2190 203 2255 aedium
231 2193 449 2258 columnarum
477 2196 640 2259 moenium
675 2193 852 2278 crepidines
887 2193 965 2257 olim
993 2191 1225 2276 adaequaverit,

79 2293 210 2357 candem
225 2316 311 2379 ¹esse,
333 2294 367 2358 id
388 2295 428 2359 ad
449 2295 512 2361 hoc
534 2318 658 2381 quoque
673 2318 774 2381 genus
798 2295 998 2361 coniecturae
1018 2294 1176 2378 pertinet,
1199 2294 1226 2358 si
1309 2332 1311 2336 >

78 2394 154 2477 quid
176 2395 375 2459 concluditur
397 2419 435 2460 ex
455 2397 541 2461 tituli
562 2399 694 2463 alicuius
715 2399 820 2462 verbis
849 2399 880 2460 et
901 2396 973 2462 loco
995 2395 1051 2460 ubi
1072 2395 1224 2460 inventus

79 2497 135 2558 est.
179 2495 310 2559 Etenim
331 2498 403 2580 plus
424 2498 629 2563 tribuendum
651 2521 720 2564 esse
734 2501 824 2583 patct
842 2498 945 2562 titulis
967 2499 1017 2581 iis,
1041 2498 1095 2581 qui
1117 2489 1238 2561 obruti

78 2600 164 2658 terra
186 2597 218 2658 et
238 2597 403 2678 parietinis
418 2598 620 2681 effodiuntur,
642 2621 738 2682 quem
752 2600 940 2682 fragmentis
956 2599 991 2661 in
1006 2598 1131 2663 aedium
1146 2621 1225 2683 quae

78 2694 139 2758 hac
161 2697 264 2758 aetate
293 2699 368 2759 sunt
395 2701 450 2760 aut
476 2699 606 2762 fuerunt
631 2699 768 2782 parietes
795 2698 924 2760 insertis
953 2699 1004 2761 vel
1032 2698 1067 2760 in
1088 2699 1151 2761 alia
1173 2721 1224 2762 ex·

79 2800 249 2881 aggeratae
271 2797 448 2880 superficiei
475 2802 565 2883 parte
596 2799 743 2885 inventis.
787 2796 947 2862 Nonnihil
973 2800 1082 2860 tamen
1103 2797 1154 2861 vel
1175 2796 1225 2862 his

78 2898 283 2962 tribuendum
305 2903 362 2983 est,
386 2900 471 2983 quod
493 2921 552 2965 nec
575 2921 672 2984 aeque
694 2901 760 2963 alta
788 2900 894 2964 crusta
915 2897 1087 2962 obductum
1109 2899 1225 2982 ubique

79 3004 128 3073 est
149 3001 254 3065 solum
277 3004 310 3065 et
331 3001 386 3085 qui
408 3001 617 3066 aedificabant
631 3001 807 3066 recentiore
821 3004 965 3084 tempore
980 2999 1146 3064 materiam
1162 3001 1224 3065 ccl·

78 3103 177 3187 ligere
199 3102 245 3166 ita
259 3105 429 3187 poterant,
457 3106 494 3167 ut
523 3125 562 3168 ex
589 3125 626 3167 ea
654 3106 778 3167 crustae
805 3106 896 3186 parte
922 3102 977 3166 ubi
1004 3102 1134 3167 domum
1156 3124 1224 3167 esse

78 3205 197 3268 vellent
226 3206 357 3289 antiqua
381 3208 589 3270 monumenta
616 3205 799 3269 effoderent.
851 3203 912 3269 Est
939 3203 1039 3289 igitur
1064 3206 1101 3267 ut
1128 3204 1224 3269 etiam

79 3305 174 3367 titulo
198 3306 303 3388 aliquo
325 3329 392 3371 non
414 3311 504 3371 eruto
535 3307 591 3371 sed
618 3306 653 3368 in
680 3305 899 3369 aedificatione
926 3305 1112 3370 recentioris
1134 3306 1223 3370 urbis

80 3405 211 3468 invento
225 3407 313 3470 locus
328 3410 528 3493 antiquarum
543 3407 743 3472 Athenarum
757 3407 891 3471 indicari
911 3409 966 3470 aut
981 3406 1105 3470 definiri
1119 3410 1223 3491 queat.

79 3505 200 3591 Magna
221 3511 326 3571 autem
348 3512 492 3575 cautione
515 3512 548 3574 et
570 3509 852 3593 circumspectione
880 3509 915 3573 in
943 3530 980 3572 ea
1006 3529 1040 3572 re
1063 3528 1143 3592 opus
1166 3509 1224 3590 est,

80 3608 232 3692 quoniam
253 3609 444 3692 procedente
464 3615 609 3695 tempore
632 3613 759 3675 constat
780 3610 891 3674 domos
914 3613 947 3674 et
968 3608 1117 3675 ecclesias
1133 3606 1223 3672 Chri-

79 3712 256 3775 stianorum
271 3710 391 3774 dirutas
413 3713 490 3776 alias
512 3713 582 3777 aliis
598 3693 728 3777 aedibus
744 3711 941 3777 exstruendis
954 3710 1121 3775 materiam
1134 3729 1223 3793 prae·

79 3815 184 3877 buisse
207 3816 301 3897 atque
323 3813 471 3896 reliquias
493 3814 691 3898 antiquitatis
705 3813 809 3899 magis
823 3813 988 3898 magisque
1004 3811 1152 3876 disiectas
1166 3832 1224 3894 per

29 3921 31 3925 ’
78 3919 180 3980 totam
201 3916 313 3979 urbem
335 3917 367 3978 ct
389 3914 556 3999 dissipatas
578 3936 657 3999 esse,
678 3918 715 3979 ut
736 3936 774 3980 ex
795 3914 855 3978 hac
876 3912 1041 3998 superficie
1062 3933 1129 3976 non
1143 3911 1222 3976 mul-

78 4020 148 4080 tum
170 4016 249 4080 disci
271 4017 375 4101 possit
396 4016 436 4080 de
458 4016 521 4079 illis
550 4017 666 4101 signis,
696 4016 847 4099 arcubus,
868 4014 1013 4098 templis,
1035 4013 1221 4096 porticibus,

80 4119 264 4203 gymnasiis,
285 4118 419 4182 theatris
443 4116 556 4200 quibus
578 4116 825 4212 olim·Athenae
847 4117 977 4180 ornatae
998 4114 1051 4178 fue
1112 4116 1136 4177 t.

147 4338 173 4407 ¹¹³)
191 4338 230 4393 uf.
251 4340 283 4393 0.
301 4336 411 4392 Mulleri
428 4334 516 4392 verba
532 4337 561 4390 in
581 4335 687 4391 Erschii
705 4341 735 4391 et
748 4333 867 4391 Grubcri
877 4331 987 4401 Encycl.
1003 4329 1028 4453 Ξ,
1045 4332 1069 4385 6.
1088 4348 1115 4400 p.
1135 4333 1192 4384 νιν.

383 4429 386 4434 ’
979 4424 996 4480 1
