2872 4876
476 352 487 369 Ι,
634 293 804 364 Apparatus.
1251 286 1290 352 15

143 462 235 523 erant
261 479 328 522 non
350 456 593 520 aedificaverant
614 456 649 519 in
669 456 780 520 tabula
800 455 909 539 posuit
935 455 1026 538 quasi
1053 417 1230 538 perfectum
1258 459 1291 519 et

143 559 324 624 absolutum
353 562 451 642 esset,
481 579 570 622 suam
603 579 693 641 spem
720 559 809 621 ratus
836 559 911 641 post
938 555 1045 640 paullo
1077 577 1184 623 veram
1211 556 1289 621 fore.

142 661 219 728 Non
240 661 286 725 ita
307 659 427 745 placuit
449 659 509 724 diis
532 659 774 724 immortalibus,

528 844 576 900 11.
613 843 748 902 Schedac
766 844 905 902 nostrae.

229 965 338 1032 Vemo
367 967 512 1048 tempore
546 964 623 1028 anni
652 963 744 1029 1866*
768 964 835 1028 vias
866 966 899 1039 et
931 963 1060 1027 semitas
1093 962 1292 1028 Athenarum

144 1069 298 1152 descripsi
320 1068 366 1131 ita
387 1070 424 1130 ut
444 1067 480 1130 in
502 1088 565 1130 una
587 1065 696 1129 charta
709 1086 777 1129 non
791 1058 893 1128 multa
914 1065 1214 1150 comprehenderem
1237 1066 1292 1130 sed

145 1173 266 1233 certam
289 1168 448 1252 quandam
470 1167 558 1230 urbis
581 1170 705 1251 partem
727 1167 778 1231 vel
799 1167 884 1231 viam
906 1170 1092 1251 perpetuam
1114 1168 1165 1232 vel
1186 1167 1292 1232 locum

144 1271 385 1335 memorabilem
407 1290 613 1333 secernerem.
644 1268 782 1332 Tantum
806 1271 912 1332 autem
934 1268 1037 1332 abfuit
1058 1271 1095 1332 ut
1116 1290 1196 1351 quae
1211 1289 1291 1352 opus

145 1376 252 1438 essent
273 1372 472 1436 absolverem
494 1370 602 1434 omnia
623 1373 659 1433 ut
680 1370 779 1434 redux
800 1369 835 1433 in
849 1370 986 1453 patriam
1001 1369 1177 1434 Germanos
1199 1392 1291 1454 quos-

145 1476 218 1538 dam
241 1474 379 1537 Athenis
402 1472 554 1557 degentes
577 1472 697 1537 crebris
719 1471 820 1535 literis
843 1471 1052 1556 appellarem,
1076 1471 1114 1535 de
1136 1473 1292 1557 rebusque

146 1579 201 1638 aut
222 1575 327 1639 dubiis
350 1577 405 1638 aut
431 1573 663 1657 praetermissis
691 1595 710 1636 a
735 1595 802 1657 me,
829 1576 866 1637 ut
893 1573 932 1638 de
959 1576 1129 1658 puteorum
1155 1574 1292 1638 nomini·

148 1677 224 1758 bus,
247 1676 489 1760 interrogarem.

353 1862 402 1918 13.
438 1861 595 1919 Ecclesiae
613 1862 652 1919 ab
669 1830 848 1920 couohardd
866 1842 1076 1920 adumbratae.

230 1981 366 2046 Delectu
395 1981 599 2047 ecclesiarum
625 1981 876 2066 Byzantinarum
910 1982 949 2059 ab
978 1980 1164 2047 Oouchardo
1192 1982 1292 2047 archi-

145 2086 230 2148 tecto
261 2083 347 2148 edito
384 2084 507 2168 aliquot
532 2083 783 2149 Atheniensium·
811 2084 906 2148 aedes
940 2104 1047 2147 sacrae
1080 2083 1317 2151 continentur..

145 2185 246 2250 Index
268 2188 335 2252 est:
358 2183 462 2250 Choix
484 2185 631 2272 d'eglises
652 2186 846 2270 Byzantinos
869 2208 909 2251 en
932 2184 1042 2250 Grece.
1086 2184 1177 2250 Paris
1200 2185 1292 2249 1842.

144 2287 270 2351 Lenoir.

538 2373 586 2429 14.
621 2372 691 2429 Alia
708 2374 894 2430 adiumenta.

230 2491 283 2554 Ad
305 2492 545 2576 cognoscendos
568 2492 648 2556 situs
677 2493 881 2557 ecclesiarum
908 2492 1008 2557 libros
1035 2491 1165 2557 adhibui
1192 2492 1292 2576 potis-

148 2593 263 2655 simum
285 2591 522 2675 epigraphicos,
545 2593 663 2676 inquo
685 2615 817 2658 numero
840 2594 1027 2658 utilissimae
1049 2594 1179 2657 fuerumt
1200 2594 1292 2657 Anti-

149 2714 229 2774 quae
244 2690 390 2755 Athenae
408 2692 549 2757 Pittacis.
579 2693 768 2758 Inscribitur
789 2695 817 2758 is
838 2694 934 2757 liber:
956 2693 1132 2757 l'ancienne
1147 2694 1291 2757 Athenas

81 2794 84 2799 ’
147 2811 207 2877 par
229 2793 289 2857 ΜΓ.
312 2793 353 2858 K.
378 2793 410 2858 S.
433 2792 580 2878 Pittalrys
601 2795 774 2858 Athe‘nien.
817 2793 962 2858 Athenes
986 2794 1077 2860 1835.

657 3003 784 3012 ——-.-

614 3206 734 3302 Caput
759 3205 822 3279 ΠΙ.

319 3388 484 3471 Radices
511 3387 618 3472 arcis
645 3389 697 3473 ad
723 3389 865 3472 urbem
890 3391 1115 3493 vergentes.

667 3592 709 3658 N.
734 3594 762 3657 1.
785 3543 791 3553 ’

593 3695 655 3771 Ἁγ.
679 3695 844 3761 Νικόλαος.

233 3807 302 3873 Sita
324 3812 373 3874 est
394 3810 486 3875 aedes
509 3812 566 3876 sub
587 3812 753 3897 Agraulio.

231 3913 279 3977 ΑΓ
302 3913 501 3978 ΝΙΚΟΛΑΟΣ
523 3913 707 3978 Schaubert.

235 4013 275 4077 19
297 4015 346 4091 ἁγ.
370 4014 528 4081 Νικόλαος
550 4015 695 4102 hithogr.
719 4016 930 4082 Monacensis.

234 4116 250 4178 1
274 4114 418 4201 Lithogr.
441 4115 658 4182 Atheniensis.

233 4217 335 4292 Quam
349 4217 489 4284 Pittaces
504 4219 582 4284 Ant.
597 4220 715 4286 Athen.
731 4244 762 4307 p.
781 4220 1022 4287 150e001esiam
1042 4242 1142 4306 prope
1157 4223 1292 4310 Agrauli

152 4337 279 4398 specum
301 4320 394 4385 sitam
410 4321 502 4406 dicit,
525 4323 655 4387 nomine
669 4344 736 4388 non
751 4324 875 4406 addito,
898 4322 1022 4387 videtur
1036 4323 1162 4389 Nicolai
1180 4328 1195 4388 1
1213 4348 1290 4390 esse.
