2872 4876
172 272 314 326 Ecclesiae
328 287 415 341 prope
430 271 643 324 monumentum
657 269 809 337 Lysieratis
824 272 853 322 et
868 285 963 324 arcum
977 267 1114 324 Hadriani
1128 267 1206 325 sitae.
1249 261 1290 325 63

229 435 271 497 46
293 432 438 518 Lithogr.
461 431 677 496 Atheniensis

230 535 430 619 Cognomine
452 555 550 617 aquae
573 533 702 596 ductum
731 532 904 616 significari
932 535 1026 615 atque
1049 533 1083 595 in
1108 533 1287 615 propinquo

142 637 378 718 receptaculum
401 657 499 717 aquae
521 635 619 697 firisse
641 633 760 697 dicunt.

656 819 697 883 N.
720 819 772 884 59.

534 941 665 1018 Πλάκα,
687 947 776 1014 regio
795 945 894 1001 urbis.

232 1076 334 1159 Regio
358 1075 444 1137 urbis
468 1095 547 1156 quae
562 1073 657 1136 Placa
678 1073 775 1156 vulgo
791 1076 922 1136 vocatur
935 1073 1019 1136 viam
1035 1070 1291 1153 Oydathenaeam

147 1177 306 1259 utrimque
330 1176 436 1260 tangit
464 1176 589 1257 lateque
612 1173 748 1258 patet*).
793 1172 921 1237 Nomen
948 1175 968 1254 ἡ
991 1174 1097 1239 πλάκα
1126 1174 1290 1257 appellati-

142 1301 217 1341 vum
233 1282 282 1341 est
303 1299 364 1360 quo
380 1276 529 1359 planities
546 1275 751 1360 significatur.
783 1273 899 1338 Subest
913 1295 974 1338 vox
989 1274 1134 1358 antiqua:
1157 1278 1178 1355 ἡ
1198 1277 1289 1342 πλάξ.

227 1379 404 1444 Numerum
436 1378 478 1442 59
510 1380 559 1440 ter
586 1376 726 1459 positum
758 1376 892 1458 praeivit
924 1374 1162 1460 Lithographus
1191 1375 1289 1439 Athe-

147 1482 283 1562 niensis,
307 1502 402 1563 quum
419 1478 529 1543 eadem
544 1479 615 1541 loca
637 1479 697 1541 tria
718 1478 855 1561 repetito
870 1498 1003 1541 numero
1020 1498 1076 1540 suo
1091 1476 1133 1540 48
1155 1476 1288 1540 notarit.

145 1582 233 1645 Inter
263 1583 355 1666 signa
383 1580 587 1644 ecclesiarum
615 1579 774 1664 Panagiae
801 1578 1076 1662 Misosporetissae
1104 1580 1136 1641 et
1163 1577 1290 1641 Nicolai

145 1683 263 1766 legitur
303 1682 403 1745 literis
443 1681 567 1743 latinis:
607 1678 916 1763 ΚΥΒΑΤΗῘΝΕΑ,
954 1701 1048 1763 quam
1085 1679 1128 1773 ab!
1160 1677 1290 1742 homine

147 1783 269 1847 Graeco
291 1784 468 1866 profectam
484 1804 552 1845 esse
569 1781 775 1863 scriptionem
790 1781 980 1865 intelligitur
996 1804 1034 1845 ex
1049 1781 1171 1863 syllaba
1186 1781 1288 1845 tertia.

145 1884 283 1947 Pittaces
306 1885 471 1967 antiquum
493 1905 611 1968 pagum
627 1881 924 1964 Oydathenaeorum
938 1883 982 1945 ibi
1005 1883 1103 1946 fuisse
1123 1885 1224 1964 ratus,
1249 1882 1287 1945 cf.

143 1985 220 2048 Ant.
251 1985 368 2049 Athen.
397 2008 428 2069 p.
452 1985 529 2066 480,
561 1984 714 2048 artificem
746 1988 783 2046 ut
810 1984 924 2066 opinor
956 1983 989 2047 id
1026 1983 1166 2047 nominis
1197 1983 1290 2047 iussit

144 2086 266 2149 addere.
1273 2085 1276 2090 ’

227 2188 311 2252 Raro
327 2189 422 2252 Placa
436 2190 469 2251 in
485 2188 750 2272 Ephemeridibus
765 2187 862 2252 Arch.
880 2191 1153 2252 commemoratur.
1177 2186 1285 2252 Unum

143 2290 247 2352 locum
270 2291 397 2353 enotavi
419 2312 450 2354 n.
473 2290 536 2355 575
557 2313 588 2373 p.
610 2291 683 2356 418.
705 2328 749 2336 -
770 2290 904 2354 Accedit
925 2289 1107 2353 Philistoris
1129 2289 1145 2352 I
1166 2312 1197 2372 p.
1214 2289 1286 2371 328,

142 2392 196 2454 ubi
219 2395 297 2457 κατὰ
319 2395 377 2472 τὴν
399 2393 513 2456 Πλάκα
535 2391 691 2454 scribitur.

654 2559 695 2624 N.
719 2562 770 2625 60.

468 2683 535 2757 Ἅγ.
558 2683 708 2762 Ἰωάννη(
730 2682 957 2761 Χρυεόετομοε.

226 2818 331 2881 Aedes
354 2818 388 2881 in
411 2820 551 2880 extrema
571 2817 649 2880 urbe
671 2817 732 2879 sita
753 2814 815 2879 fuit
835 2815 874 2878 ad
889 2814 1053 2879 meridiem
1076 2818 1108 2878 et
1130 2815 1286 2880 orientem

142 2940 265 3002 versus,
288 2940 387 3004 prope
410 2920 587 2983 recentiora
608 2918 749 3000 moenia,
780 2917 819 2981 of.
848 2940 878 3001 p.
901 2917 956 2999 67,
987 2916 1097 2980 'lbrcis
1121 2916 1287 2982 dominan-

142 3021 227 3084 tibus
255 3020 392 3085 condita.

226 3124 272 3187 ΑΓ
296 3123 472 3189 ΙΩΑΝΝΗΣ
495 3123 802 3189 ΧΡΥΣΟΣΤΟΜΟΣ
825 3119 1010 3186 Schaubert.

227 3222 319 3299 2ἅγ.
344 3227 493 3306 Ἰωάννη(
517 3227 739 3305 Χρυεόετομοε
761 3222 905 3308 Lithogr.
928 3214 1112 3289 Monacens.

232 3323 274 3386 45
294 3324 437 3410 Lithogr.
461 3326 678 3390 Atheniensis.

229 3422 366 3488 Pittaoes
388 3427 422 3490 in
443 3428 520 3492 Ant.
537 3428 655 3491 Athen.
678 3450 708 3511 p.
731 3426 795 3491 478
818 3426 927 3490 aedem
950 3425 981 3491 S.
997 3425 1127 3491 Ioannis
1150 3446 1286 3491 comme·

145 3526 249 3586 morat
270 3524 324 3586 ubi
347 3548 425 3609 quos
439 3529 460 3592 l.
475 3529 497 3592 l.
519 3533 664 3594 recenset
678 3529 789 3592 titulos
804 3532 947 3612 repertos
966 3550 1035 3592 esse
1050 3529 1169 3593 scribit.
1207 3527 1288 3591 Eam
1407 3615 1409 3619 .

144 3625 175 3689 S.
198 3625 328 3689 Ioannis
352 3625 570 3710 chrysostomi
597 3631 639 3696 60
661 3631 826 3695 ecclesiam
854 3653 923 3694 esse
952 3630 1026 3694 inde
1049 3631 1181 3713 apparet
1203 3627 1288 3710 quod

226 3884 251 3951 ²¹²)
271 3881 348 3937 Coeli
366 3881 479 3952 quidem
496 3884 623 3953 regiones
640 3884 763 3939 Pittacas
779 3885 809 3938 in
825 3884 889 3938 Ant.
908 3883 1007 3937 Athen.
1027 3879 1123 3952 p.'473
1144 3881 1287 3950 negligen-

141 3966 197 4020 tius
215 3967 353 4022 indicasse
372 3967 570 4022 existimandus
587 3971 637 4023 est.
666 3969 772 4024 Domus
790 3971 884 4022 autem
896 3966 1092 4036 Paparicopuli
1103 3965 1286 4035 Atheniensis,

142 4053 218 4106 cuius
235 4052 302 4107 ibid.
322 4051 427 4107 mentio
446 4053 502 4119 est,
519 4052 549 4106 in
565 4054 663 4107 tabula
680 4053 757 4107 urbis
775 4071 819 4107 an.
840 4059 906 4109 1834
927 4052 1004 4106 facta
1020 4051 1171 4118 invenitur,
1194 4051 1287 4120 posita

143 4137 179 4190 ad
198 4137 326 4191 semitam
345 4137 549 4207 Chrysostomi,
568 4137 661 4192 media
682 4138 755 4191 inter
778 4137 906 4192 ecclesias
924 4143 956 4191 58
980 4139 1008 4190 et
1026 4142 1058 4190 60
1076 4135 1138 4190 sita.
1174 4137 1288 4207 Papari-

142 4221 232 4291 copuli
258 4239 359 4276 nomen
381 4222 546 4293 inscriptum
568 4224 618 4277 est.
641 4252 674 4261 -
701 4223 779 4277 Idem
806 4224 884 4290 inp.
912 4227 962 4274 482
985 4221 1026 4274 ita
1053 4221 1178 4291 disputat
1205 4223 1286 4289 quasi

142 4306 258 4359 ecelesia
276 4306 302 4358 S.
322 4307 457 4376 Dynamis
473 4308 503 4360 in
520 4308 634 4376 regione
652 4308 737 4360 Placa
754 4307 846 4360 luerit.
