2872 4876
361 273 386 328 S.
402 273 547 330 Nicodemi
563 274 679 330 ecclesia
694 277 722 329 61
737 273 819 329 aedes
835 292 849 329 e
864 274 978 344 regione
994 276 1071 329 sitae.
1245 270 1285 333 67

141 439 239 502 situm
263 439 412 502 ecclesiae
435 461 530 523 prave
553 437 773 533 definivisse&
791 438 942 503 dicendus
965 438 1032 502 erit.
1065 436 1126 513 Qui
1148 437 1286 502 indicem

141 541 311 623 adscripsit
332 541 366 603 in
388 541 546 626 margine,
568 541 694 604 literam
715 540 746 603 K
768 540 924 624 explicare
947 541 1065 603 oblitus
1088 543 1144 603 est.

228 641 289 717 Qui
318 665 367 705 an.
400 643 480 707 1687
514 645 718 727 prospectum
745 641 945 706 Athenarum
975 642 1067 726 fecit,
1103 641 1221 706 editum
1253 642 1288 705 in

142 745 216 808 libri
239 743 431 808 Labordiani
453 741 709 827 AdditamentiS,¹
735 744 773 808 cf.
797 743 947 809 Labordii
969 745 1087 808 Athen.
1111 744 1144 807 II
1172 767 1202 827 p.
1228 744 1289 808 150

142 850 208 910 161.
225 847 260 928 2,
278 846 428 909 ecclesiae
447 845 477 909 8.
491 845 659 910 Nicodemi
674 847 885 910 minusculam
902 846 1042 932 effigiem
1058 846 1180 930 posuit,
1196 847 1289 910 litera

144 948 173 1013 G
195 948 392 1034 denotatam3
417 949 451 1011 in
474 970 536 1032 qua
558 949 650 1012 litera
664 948 804 1031 Lyceum
818 948 1002 1011 Aristotelis
1018 971 1101 1032 esse,
1125 949 1240 1012 dicitur
1254 949 1289 1012 in

143 1051 288 1134 margine
312 1049 376 1134 (,‚G
392 1049 487 1113 Liceo
504 1050 535 1113 di
551 1049 761 1134 Aristotile‘h.
778 1089 821 1096 —
835 1049 979 1114 Eandem
993 1073 1061 1114 rem
1076 1051 1111 1114 in
1125 1051 1288 1134 Anonymi

144 1151 322 1215 Fanelliani
350 1152 457 1215 tabula
484 1152 596 1236 habes,
625 1153 708 1236 apud
736 1152 914 1216 Fancllium
940 1175 971 1236 p.
1000 1153 1078 1236 313,
1114 1153 1290 1217 111166616-

144 1254 208 1318 siae
225 1253 440 1336 subscriptum
462 1253 579 1338 legitur
600 1277 719 1318 nomen
741 1253 772 1318 S.
790 1253 962 1318 Salvatoris
979 1253 1055 1340 (‚‚S:
1073 1253 1287 1340 Saluatore“).

228 1356 278 1419 Ex
301 1355 413 1439 Sponii
436 1358 467 1418 61
488 1355 685 1420 Venetorum
706 1356 823 1419 tabulis
847 1355 1038 1440 intelligitur
1060 1356 1226 1420 ecclesiam
1249 1357 1289 1420 68

144 1461 222 1520 1116
245 1461 334 1520 extra
355 1458 482 1520 moenia
503 1457 610 1521 fuisse.
655 1457 861 1522 Recentiores
883 1458 968 1520 intra
991 1458 1167 1544 collocant,
1196 1458 1289 1521 nimi·

144 1582 214 1622 rum
237 1558 408 1643 Ohaseces,
431 1564 558 1643 praetor
575 1560 763 1644 Turcarum,
787 1583 836 1623 an.
855 1560 936 1624 1778
951 1562 1043 1625 novis
1058 1561 1156 1625 muris
1173 1561 1293 1644 saepsit

147 1659 299 1724 Athenas,

230 1762 459 1826 Monasterium
483 1762 513 1826 S.
538 1763 711 1827 8611616116
733 1764 902 1828 Nicodemi
930 1770 1159 1830 commemorat
1180 1787 1288 1829 mona-

149 1864 226 1929 chus
258 1863 480 1947 Atheniensis,
514 1865 601 1928 ouius
633 1864 717 1928 edita
745 1870 820 1929 sunt
846 1867 1025 1950 fragmenta
1058 1867 1092 1929 in
1121 1867 1290 1950 Ephemer.

144 1989 174 2049 p.
199 1966 417 2052 9443110u01
441 1989 491 2051 τε,
513 1967 631 2050 inquit,
662 1966 746 2033 οἶκοι
774 1972 829 2046 uir
851 1973 908 2032 τοῦ
932 1970 1079 2048 (ωτῆροε
1110 1970 1291 2048 Νικοδήμου

145 2069 257 2148 Μονῆε
285 2070 597 2149 κατεκρημνίεθηεαν.
650 2068 781 2153 Integra
804 2069 900 2132 verba
926 2069 998 2132 vide
1026 2069 1061 2132 in
1087 2092 1118 2152 p.
1142 2069 1199 2153 44,
1222 2072 1289 2147 Ἅγ.

144 2171 319 2236 Διονύαο(
342 2172 576 2250 Αρεοπαγίτηε.

230 2271 499 2336 Schaubertus
467 2275 499 2335 e
522 2272 612 2335 imita
613 2275 664 2336 tor
686 2273 888 2337 Monacensis
911 2274 1094 2338 omiserunt.
1118 2273 1235 2337 —Lit
1235 2274 1290 2337 ho-

143 2373 285 2458 graphus
308 2374 529 2457 Atheniensis,
558 2396 651 2457 quem
678 2398 737 2440 nos
767 2376 942 2459 sequimur,
977 2375 1096 2438 duom
1126 2377 1290 2459 pomoerio

144 2475 239 2559 signa
261 2476 383 2559 posuit,
405 2477 506 2539 maius
529 2477 663 2539 alterum
686 2477 774 2560 apice
797 2477 837 2540 ad
852 2478 1009 2540 orientem
1024 2481 1191 2562 vergente,
1215 2480 1290 2542 6116-

143 2599 216 2640 1111
231 2577 337 2640 minus
353 2578 442 2661 apice
456 2578 555 2641 nullo,
586 2577 728 2653 Quorum
742 2578 836 2661 illud,
860 2579 1020 2661 adscripto
1035 2601 1066 2642 n.
1083 2579 1125 2642 25
1141 2578 1290 2666 (1111652)

144 2679 313 2743 ecclesiam
335 2678 366 2743 S.
389 2679 558 2743 Nicodemi
581 2680 726 2762 denotat,
754 2683 882 2742 nostrae
904 2680 1030 2742 tabulae
1060 2681 1093 2742 in
1115 2704 1147 2743 n.
1170 2680 1212 2743 68
1241 2702 1290 2742 ex-

144 2803 305 2865 pressum,
329 2781 407 2846 11666
429 2783 566 2846 accessio
591 2785 652 2863 est,
678 2783 717 2844 ab
739 2782 809 2864 ipsa
831 2780 907 2844 aede
930 2783 1089 2864 separata,
1112 2781 1167 2843 ubi
1190 2803 1290 2844 sacer-

145 2883 253 2966 dotes,
287 2883 425 2966 psaltae,
459 2884 574 2966 aliique
607 2882 746 2945 ministri
777 2882 923 2945 habitant
934 2881 993 2967 **)
1022 2920 1063 2928 -
1089 2881 1164 2945 Uno
1198 2882 1291 2966 signo

145 2984 316 3049 defunctus
339 2988 403 3067 est,
426 2984 479 3067 qui
503 3007 552 3047 an.
578 2985 661 3048 1834
681 2984 793 3046 urbem
815 2984 849 3046 in
870 2984 979 3047 tabula
1001 2984 1177 3066 descripsit.

232 3085 436 3150 Oouohardus
453 3085 657 3169 architectus,
680 3086 714 3148 in
729 3084 863 3149 Deleotu
877 3085 954 3167 Byz.
969 3085 1176 3149 'ecclesiarum
1192 3084 1288 3150 Grae·

147 3189 230 3270 6166,
254 3188 507 3252 aedificationem
529 3188 701 3252 illustravit
722 3187 838 3249 tabulis
861 3186 923 3270 XI,
947 3186 1026 3270 XII,
1049 3186 1138 3251 XIII.
1183 3188 1290 3271 Atque

144 3290 292 3353 maximis
325 3290 379 3354 ille
402 3290 547 3353 laudibus
571 3290 660 3353 effert
688 3288 769 3352 tholi
792 3289 1049 3372 amplitudinem,
1077 3290 1292 3353 membrorum

147 3392 412 3474 concinnitatem,
437 3394 695 3455 ornamentorum
709 3389 994 3474 pulchritudinem,
1018 3412 1208 3474 quamquam
1230 3411 1292 3473 quo

144 3497 290 3576 tempore
312 3493 517 3558 Oouchardus
542 3494 681 3577 scripsit,
707 3492 837 3556 ruinosa
859 3493 920 3556 fuit
942 3492 1034 3557 aedes
1061 3491 1092 3556 S.
1114 3491 1290 3557 Nicodemi.

145 3595 237 3659 'Iunc
260 3599 365 3659 autem
386 3617 454 3659 non
482 3595 585 3658 solum
613 3594 824 3678 pulcherrima
852 3595 907 3659 sed
935 3595 1030 3659 etiam
1057 3593 1196 3656 maxima
1225 3596 1293 3655 erat

145 3696 352 3760 ecclesiarum
372 3695 634 3779 Atheniensium,
656 3718 739 3759 nova
760 3696 932 3861 metropoli
954 3695 1096 3758 nondum
1119 3695 1289 3757 exstructa

144 3798 263 3862 Postea
284 3797 381 3861 Russi
403 3801 547 3861 emerunt
569 3798 777 3880 etannis,u
756 3797 997 3879 utopinor,l
982 3795 1110 3859 1852-
1120 3792 1291 3877 1856111111,

231 3986 256 4052 *)
275 3983 386 4038 Etenim
403 3985 519 4053 propter
536 3983 648 4051 portam
666 3981 898 4052 Poponistranam
915 3980 1007 4050 posita
1024 3982 1067 4033 est
1083 3979 1165 4033 litera
1182 3977 1215 4031 Κ.

214 4070 256 4136 **)
274 4067 384 4122 Vocant
401 4067 511 4132 κελλία,
531 4067 564 4119 cf.
583 4066 729 4135 Ephemor.
749 4084 775 4135 p.
795 4071 858 4132 946,
882 4081 953 4134 quae
970 4063 1040 4117 nihil
1057 4063 1189 4117 differunt
1207 4080 1224 4117 6
1242 4062 1290 4117 do-

144 4153 238 4206 mibus
255 4152 399 4205 hominum
416 4150 597 4220 privatorum.

199 4238 256 4304 ***)
274 4237 306 4288 lu
329 4235 436 4290 schedis
460 4252 550 4305 nuper
572 4234 608 4289 ad
630 4252 675 4289 me
697 4235 787 4288 missis
809 4234 955 4289 Heldricus
979 4250 1023 4289 an.
1049 4238 1113 4288 1853
1138 4231 1208 4300 edit,
1238 4249 1292 4299 quo

145 4323 206 4375 fere
226 4335 298 4374 anno
318 4320 469 4390 coeperunt
487 4318 675 4374 exaedificare.
1091 4306 1094 4314 ’

1045 4403 1090 4466 5*
