<?xml version="1.0" encoding="UTF-8"?>
<!DOCTYPE html PUBLIC "-//W3C//DTD XHTML 1.0 Transitional//EN"
    "http://www.w3.org/TR/xhtml1/DTD/xhtml1-transitional.dtd">
<html xmlns="http://www.w3.org/1999/xhtml" xml:lang="en" lang="en">
 <head>
  <title>
</title>
<meta http-equiv="Content-Type" content="text/html;charset=utf-8" />
  <meta name='ocr-system' content='tesseract 3.04.00' />
  <meta name='ocr-capabilities' content='ocr_page ocr_carea ocr_par ocr_line ocrx_word'/>
</head>
<body>
  <div class='ocr_page' id='page_1' title='image "athenaechristia00mommgoog_0078.png"; bbox 0 0 2872 4876; ppageno 0'>
   <div class='ocr_carea' id='block_1_1' title="bbox 167 276 1285 353">
    <p class='ocr_par' dir='ltr' id='par_1_1' title="bbox 167 276 1285 353">
     <span class='ocr_line' id='line_1_1' title="bbox 167 276 1285 353; baseline 0.001 -15"><span class='ocrx_word' id='word_1_1' title='bbox 167 283 310 338; x_wconf 77' lang='lat' dir='ltr'>Ecclesiae</span> <span class='ocrx_word' id='word_1_2' title='bbox 324 300 412 353; x_wconf 88' lang='lat' dir='ltr'>prope</span> <span class='ocrx_word' id='word_1_3' title='bbox 427 283 638 337; x_wconf 89' lang='lat' dir='ltr'>monumentum</span> <span class='ocrx_word' id='word_1_4' title='bbox 653 281 803 351; x_wconf 84' lang='lat' dir='ltr'>Lysicratis</span> <span class='ocrx_word' id='word_1_5' title='bbox 820 283 848 336; x_wconf 90' lang='lat' dir='ltr'>et</span> <span class='ocrx_word' id='word_1_6' title='bbox 863 299 958 337; x_wconf 89' lang='lat' dir='ltr'>arcum</span> <span class='ocrx_word' id='word_1_7' title='bbox 972 281 1109 336; x_wconf 87' lang='lat' dir='ltr'>Hadriani</span> <span class='ocrx_word' id='word_1_8' title='bbox 1124 282 1201 336; x_wconf 88' lang='lat' dir='ltr'>sitae.</span> <span class='ocrx_word' id='word_1_9' title='bbox 1245 276 1285 339; x_wconf 87' lang='grc'>61</span> 
     </span>
    </p>
   </div>
   <div class='ocr_carea' id='block_1_2' title="bbox 548 445 888 644">
    <p class='ocr_par' dir='ltr' id='par_1_2' title="bbox 548 445 888 644">
     <span class='ocr_line' id='line_1_2' title="bbox 657 445 772 510; baseline -0.009 0"><span class='ocrx_word' id='word_1_10' title='bbox 657 445 698 510; x_wconf 88' lang='grc' dir='ltr'>Ν.</span> <span class='ocrx_word' id='word_1_11' title='bbox 721 445 772 510; x_wconf 83' lang='lat'>54.</span> 
     </span>
     <span class='ocr_line' id='line_1_3' title="bbox 548 565 888 644; baseline -0.009 -14"><span class='ocrx_word' id='word_1_12' title='bbox 548 566 611 642; x_wconf 85' lang='grc' dir='ltr'>Ἁγ.</span> <span class='ocrx_word' id='word_1_13' title='bbox 636 565 720 643; x_wconf 89' lang='grc' dir='ltr'>Κυρὰ</span> <span class='ocrx_word' id='word_1_14' title='bbox 745 565 888 644; x_wconf 78' lang='grc' dir='ltr'>Κανδήλι.</span> 
     </span>
    </p>
   </div>
   <div class='ocr_carea' id='block_1_3' title="bbox 142 697 1293 2506">
    <p class='ocr_par' dir='ltr' id='par_1_3' title="bbox 142 697 1291 1091">
     <span class='ocr_line' id='line_1_4' title="bbox 232 697 1291 782; baseline -0.004 -18"><span class='ocrx_word' id='word_1_15' title='bbox 232 702 284 764; x_wconf 90' lang='lat' dir='ltr'>Ab</span> <span class='ocrx_word' id='word_1_16' title='bbox 307 703 514 764; x_wconf 89' lang='lat' dir='ltr'>monumento</span> <span class='ocrx_word' id='word_1_17' title='bbox 530 700 702 782; x_wconf 86' lang='lat' dir='ltr'>Lysicratis</span> <span class='ocrx_word' id='word_1_18' title='bbox 725 720 826 782; x_wconf 84' lang='lat' dir='ltr'>prope</span> <span class='ocrx_word' id='word_1_19' title='bbox 849 697 976 781; x_wconf 91' lang='lat' dir='ltr'>quidem</span> <span class='ocrx_word' id='word_1_20' title='bbox 999 697 1100 761; x_wconf 87' lang='lat' dir='ltr'>abfuit</span> <span class='ocrx_word' id='word_1_21' title='bbox 1121 697 1213 761; x_wconf 91' lang='lat' dir='ltr'>aedes</span> <span class='ocrx_word' id='word_1_22' title='bbox 1237 698 1291 761; x_wconf 93' lang='lat' dir='ltr'>sed</span> 
     </span>
     <span class='ocr_line' id='line_1_5' title="bbox 143 799 1291 886; baseline -0.003 -21"><span class='ocrx_word' id='word_1_23' title='bbox 143 802 275 885; x_wconf 85' lang='lat' dir='ltr'>oblique</span> <span class='ocrx_word' id='word_1_24' title='bbox 308 803 496 886; x_wconf 90' lang='lat' dir='ltr'>interposita</span> <span class='ocrx_word' id='word_1_25' title='bbox 531 802 582 865; x_wconf 89' lang='lat' dir='ltr'>via</span> <span class='ocrx_word' id='word_1_26' title='bbox 616 823 709 884; x_wconf 90' lang='lat' dir='ltr'>quam</span> <span class='ocrx_word' id='word_1_27' title='bbox 744 802 825 867; x_wconf 84' lang='grc' dir='ltr'>ὁδὸν</span> <span class='ocrx_word' id='word_1_28' title='bbox 859 802 1020 880; x_wconf 85' lang='grc' dir='ltr'>τριπόδων</span> <span class='ocrx_word' id='word_1_29' title='bbox 1054 821 1155 882; x_wconf 86' lang='lat' dir='ltr'>nuper</span> <span class='ocrx_word' id='word_1_30' title='bbox 1191 799 1291 862; x_wconf 90' lang='lat' dir='ltr'>uomi-</span> 
     </span>
     <span class='ocr_line' id='line_1_6' title="bbox 142 900 1290 986; baseline -0.003 -19"><span class='ocrx_word' id='word_1_31' title='bbox 142 906 320 986; x_wconf 87' lang='lat' dir='ltr'>naverunt,</span> <span class='ocrx_word' id='word_1_32' title='bbox 360 908 396 967; x_wconf 90' lang='lat' dir='ltr'>ut</span> <span class='ocrx_word' id='word_1_33' title='bbox 432 903 620 967; x_wconf 83' lang='lat' dir='ltr'>memoriam</span> <span class='ocrx_word' id='word_1_34' title='bbox 658 902 806 985; x_wconf 77' lang='lat' dir='ltr'>antiquae</span> <span class='ocrx_word' id='word_1_35' title='bbox 844 903 912 965; x_wconf 89' lang='lat' dir='ltr'>viae</span> <span class='ocrx_word' id='word_1_36' title='bbox 954 901 1116 984; x_wconf 89' lang='lat' dir='ltr'>tripodum</span> <span class='ocrx_word' id='word_1_37' title='bbox 1154 900 1290 964; x_wconf 89' lang='lat' dir='ltr'>redinte-</span> 
     </span>
     <span class='ocr_line' id='line_1_7' title="bbox 142 1008 824 1091; baseline 0.001 -23"><span class='ocrx_word' id='word_1_38' title='bbox 142 1008 285 1091; x_wconf 80' lang='lat' dir='ltr'>grarent.</span> <span class='ocrx_word' id='word_1_39' title='bbox 821 1085 824 1089; x_wconf 14' lang='lat'><strong>¹</strong></span> 
     </span>
    </p>

    <p class='ocr_par' dir='ltr' id='par_1_4' title="bbox 236 1105 717 1172">
     <span class='ocr_line' id='line_1_8' title="bbox 236 1105 717 1172; baseline -0.002 -1"><span class='ocrx_word' id='word_1_40' title='bbox 236 1108 338 1172; x_wconf 90' lang='grc' dir='ltr'>ΚΥΡΑ</span> <span class='ocrx_word' id='word_1_41' title='bbox 363 1108 509 1172; x_wconf 88' lang='grc' dir='ltr'>ΚΑΝΔΙΛ</span> <span class='ocrx_word' id='word_1_42' title='bbox 533 1105 717 1170; x_wconf 79' lang='lat' dir='ltr'>Schaubert.</span> 
     </span>
    </p>

    <p class='ocr_par' dir='ltr' id='par_1_5' title="bbox 233 1206 1065 1293">
     <span class='ocr_line' id='line_1_9' title="bbox 233 1206 1065 1293; baseline -0.001 -22"><span class='ocrx_word' id='word_1_43' title='bbox 233 1209 253 1271; x_wconf 85' lang='grc'>9</span> <span class='ocrx_word' id='word_1_44' title='bbox 275 1209 324 1284; x_wconf 89' lang='grc' dir='ltr'>ἁγ.</span> <span class='ocrx_word' id='word_1_45' title='bbox 350 1209 435 1288; x_wconf 89' lang='grc' dir='ltr'>Κύρα</span> <span class='ocrx_word' id='word_1_46' title='bbox 460 1208 595 1275; x_wconf 79' lang='grc' dir='ltr'>Κανδύλι</span> <span class='ocrx_word' id='word_1_47' title='bbox 617 1207 662 1271; x_wconf 91' lang='lat' dir='ltr'>sic</span> <span class='ocrx_word' id='word_1_48' title='bbox 684 1207 829 1293; x_wconf 78' lang='lat' dir='ltr'>Lithogr.</span> <span class='ocrx_word' id='word_1_49' title='bbox 853 1206 1065 1271; x_wconf 78' lang='lat' dir='ltr'>Monacensis,</span> 
     </span>
    </p>

    <p class='ocr_par' dir='ltr' id='par_1_6' title="bbox 232 1308 684 1394">
     <span class='ocr_line' id='line_1_10' title="bbox 232 1308 684 1394; baseline 0 -21"><span class='ocrx_word' id='word_1_50' title='bbox 232 1309 275 1373; x_wconf 82' lang='lat'>34</span> <span class='ocrx_word' id='word_1_51' title='bbox 300 1309 444 1394; x_wconf 83' lang='lat' dir='ltr'>Lithogr.</span> <span class='ocrx_word' id='word_1_52' title='bbox 468 1308 684 1373; x_wconf 73' lang='lat' dir='ltr'>Atheniensis,</span> 
     </span>
    </p>

    <p class='ocr_par' dir='ltr' id='par_1_7' title="bbox 145 1408 1293 2506">
     <span class='ocr_line' id='line_1_11' title="bbox 232 1408 1291 1494; baseline -0.002 -22"><span class='ocrx_word' id='word_1_53' title='bbox 232 1410 370 1474; x_wconf 86' lang='lat' dir='ltr'>Pittaces</span> <span class='ocrx_word' id='word_1_54' title='bbox 393 1412 427 1474; x_wconf 91' lang='lat' dir='ltr'>in</span> <span class='ocrx_word' id='word_1_55' title='bbox 449 1412 525 1474; x_wconf 90' lang='lat' dir='ltr'>Ant.</span> <span class='ocrx_word' id='word_1_56' title='bbox 549 1411 667 1475; x_wconf 81' lang='lat' dir='ltr'>Athen.</span> <span class='ocrx_word' id='word_1_57' title='bbox 689 1433 720 1494; x_wconf 88' lang='lat' dir='ltr'>p.</span> <span class='ocrx_word' id='word_1_58' title='bbox 746 1411 807 1475; x_wconf 75' lang='lat'>172</span> <span class='ocrx_word' id='word_1_59' title='bbox 828 1414 895 1474; x_wconf 89' lang='lat' dir='ltr'>not.</span> <span class='ocrx_word' id='word_1_60' title='bbox 941 1409 1089 1473; x_wconf 77' lang='lat' dir='ltr'>Sanctam</span> <span class='ocrx_word' id='word_1_61' title='bbox 1110 1408 1291 1490; x_wconf 85' lang='lat' dir='ltr'>Dominam,</span> 
     </span>
     <span class='ocr_line' id='line_1_12' title="bbox 145 1510 1292 1596; baseline -0.005 -19"><span class='ocrx_word' id='word_1_62' title='bbox 145 1515 205 1592; x_wconf 88' lang='grc' dir='ltr'>τὴν</span> <span class='ocrx_word' id='word_1_63' title='bbox 229 1512 322 1587; x_wconf 85' lang='grc' dir='ltr'>ἁγίαν</span> <span class='ocrx_word' id='word_1_64' title='bbox 347 1514 467 1596; x_wconf 77' lang='grc' dir='ltr'>Κυράν,</span> <span class='ocrx_word' id='word_1_65' title='bbox 491 1514 587 1596; x_wconf 85' lang='lat' dir='ltr'>vulgo</span> <span class='ocrx_word' id='word_1_66' title='bbox 611 1512 656 1574; x_wconf 91' lang='lat' dir='ltr'>ait</span> <span class='ocrx_word' id='word_1_67' title='bbox 678 1512 844 1595; x_wconf 90' lang='lat' dir='ltr'>appellari,</span> <span class='ocrx_word' id='word_1_68' title='bbox 874 1512 958 1594; x_wconf 92' lang='lat' dir='ltr'>quod</span> <span class='ocrx_word' id='word_1_69' title='bbox 980 1534 1097 1575; x_wconf 90' lang='lat' dir='ltr'>nomeu</span> <span class='ocrx_word' id='word_1_70' title='bbox 1121 1512 1216 1574; x_wconf 90' lang='lat' dir='ltr'>etiam</span> <span class='ocrx_word' id='word_1_71' title='bbox 1239 1510 1292 1572; x_wconf 90' lang='lat' dir='ltr'>alii</span> 
     </span>
     <span class='ocr_line' id='line_1_13' title="bbox 148 1612 1292 1702; baseline -0.002 -27"><span class='ocrx_word' id='word_1_72' title='bbox 148 1613 311 1696; x_wconf 82' lang='lat' dir='ltr'>Panagiae</span> <span class='ocrx_word' id='word_1_73' title='bbox 334 1613 522 1699; x_wconf 79' lang='lat' dir='ltr'>imponitur3</span> <span class='ocrx_word' id='word_1_74' title='bbox 547 1615 586 1677; x_wconf 87' lang='lat' dir='ltr'>cf.</span> <span class='ocrx_word' id='word_1_75' title='bbox 602 1635 633 1676; x_wconf 92' lang='lat' dir='ltr'>n.</span> <span class='ocrx_word' id='word_1_76' title='bbox 653 1613 727 1696; x_wconf 82' lang='lat'>106,</span> <span class='ocrx_word' id='word_1_77' title='bbox 750 1613 872 1679; x_wconf 78' lang='grc' dir='ltr'>Εἰεόδια</span> <span class='ocrx_word' id='word_1_78' title='bbox 894 1620 949 1692; x_wconf 78' lang='grc' dir='ltr'>τῆ(</span> <span class='ocrx_word' id='word_1_79' title='bbox 966 1615 1075 1693; x_wconf 66' lang='lat' dir='ltr'>super.</span> <span class='ocrx_word' id='word_1_80' title='bbox 1105 1613 1178 1696; x_wconf 89' lang='lat' dir='ltr'>Ipse</span> <span class='ocrx_word' id='word_1_81' title='bbox 1193 1612 1292 1702; x_wconf 85' lang='lat' dir='ltr'>Pana-</span> 
     </span>
     <span class='ocr_line' id='line_1_14' title="bbox 148 1712 1292 1798; baseline 0 -22"><span class='ocrx_word' id='word_1_82' title='bbox 148 1715 238 1798; x_wconf 84' lang='lat' dir='ltr'>giam</span> <span class='ocrx_word' id='word_1_83' title='bbox 274 1714 399 1777; x_wconf 76' lang='lat' dir='ltr'>Candili</span> <span class='ocrx_word' id='word_1_84' title='bbox 428 1718 520 1778; x_wconf 88' lang='lat' dir='ltr'>vocat</span> <span class='ocrx_word' id='word_1_85' title='bbox 551 1716 585 1777; x_wconf 92' lang='lat' dir='ltr'>in</span> <span class='ocrx_word' id='word_1_86' title='bbox 613 1715 689 1778; x_wconf 90' lang='lat' dir='ltr'>Ant.</span> <span class='ocrx_word' id='word_1_87' title='bbox 718 1715 836 1779; x_wconf 85' lang='lat' dir='ltr'>Athen.</span> <span class='ocrx_word' id='word_1_88' title='bbox 865 1737 895 1797; x_wconf 88' lang='lat' dir='ltr'>p.</span> <span class='ocrx_word' id='word_1_89' title='bbox 924 1716 995 1779; x_wconf 78' lang='lat'>171.</span> <span class='ocrx_word' id='word_1_90' title='bbox 1046 1715 1094 1779; x_wconf 79' lang='lat' dir='ltr'>Of.</span> <span class='ocrx_word' id='word_1_91' title='bbox 1123 1712 1292 1796; x_wconf 81' lang='lat' dir='ltr'>Ephemer.</span> 
     </span>
     <span class='ocr_line' id='line_1_15' title="bbox 149 1815 1293 1899; baseline 0.003 -22"><span class='ocrx_word' id='word_1_92' title='bbox 149 1837 182 1878; x_wconf 91' lang='lat' dir='ltr'>n.</span> <span class='ocrx_word' id='word_1_93' title='bbox 206 1815 290 1878; x_wconf 76' lang='lat'>2256</span> <span class='ocrx_word' id='word_1_94' title='bbox 313 1837 381 1899; x_wconf 89' lang='lat' dir='ltr'>sqq.</span> <span class='ocrx_word' id='word_1_95' title='bbox 404 1838 434 1898; x_wconf 89' lang='lat' dir='ltr'>p.</span> <span class='ocrx_word' id='word_1_96' title='bbox 453 1817 547 1880; x_wconf 79' lang='lat'>1168:</span> <span class='ocrx_word' id='word_1_97' title='bbox 571 1818 622 1881; x_wconf 89' lang='grc' dir='ltr'>καὶ</span> <span class='ocrx_word' id='word_1_98' title='bbox 644 1817 758 1897; x_wconf 83' lang='grc' dir='ltr'>εὑρέθη</span> <span class='ocrx_word' id='word_1_99' title='bbox 779 1817 817 1881; x_wconf 91' lang='grc' dir='ltr'>τὸ</span> <span class='ocrx_word' id='word_1_100' title='bbox 842 1816 923 1880; x_wconf 85' lang='grc'>1848</span> <span class='ocrx_word' id='word_1_101' title='bbox 946 1818 1105 1895; x_wconf 78' lang='grc' dir='ltr'>Ἀπριλίοο</span> <span class='ocrx_word' id='word_1_102' title='bbox 1129 1817 1146 1878; x_wconf 78' lang='grc'>7</span> <span class='ocrx_word' id='word_1_103' title='bbox 1170 1817 1214 1880; x_wconf 74' lang='grc' dir='ltr'>εἰ(</span> <span class='ocrx_word' id='word_1_104' title='bbox 1235 1819 1293 1881; x_wconf 87' lang='grc' dir='ltr'>τὸν</span> 
     </span>
     <span class='ocr_line' id='line_1_16' title="bbox 149 1919 1293 1999; baseline 0.001 -18"><span class='ocrx_word' id='word_1_105' title='bbox 149 1919 262 1996; x_wconf 85' lang='grc' dir='ltr'>τοῖχον</span> <span class='ocrx_word' id='word_1_106' title='bbox 286 1921 341 1994; x_wconf 79' lang='grc' dir='ltr'>τῆ(</span> <span class='ocrx_word' id='word_1_107' title='bbox 363 1921 642 1998; x_wconf 76' lang='grc' dir='ltr'>καταδαφκθείεη(</span> <span class='ocrx_word' id='word_1_108' title='bbox 665 1919 825 1997; x_wconf 69' lang='grc' dir='ltr'>ἐκκληςία(</span> <span class='ocrx_word' id='word_1_109' title='bbox 841 1920 1037 1999; x_wconf 77' lang='grc' dir='ltr'>καλουμένη(</span> <span class='ocrx_word' id='word_1_110' title='bbox 1051 1919 1199 1994; x_wconf 88' lang='grc' dir='ltr'>Παναγία</span> <span class='ocrx_word' id='word_1_111' title='bbox 1216 1919 1293 1982; x_wconf 92' lang='grc' dir='ltr'>Καν-</span> 
     </span>
     <span class='ocr_line' id='line_1_17' title="bbox 150 2018 1293 2105; baseline 0.001 -22"><span class='ocrx_word' id='word_1_112' title='bbox 150 2020 230 2097; x_wconf 65' lang='lat' dir='ltr'>casn</span> <span class='ocrx_word' id='word_1_113' title='bbox 255 2018 332 2102; x_wconf 86' lang='lat' dir='ltr'>(imo</span> <span class='ocrx_word' id='word_1_114' title='bbox 358 2020 494 2099; x_wconf 79' lang='grc' dir='ltr'>Κανδήλι</span> <span class='ocrx_word' id='word_1_115' title='bbox 517 2021 535 2082; x_wconf 93' lang='lat' dir='ltr'>i.</span> <span class='ocrx_word' id='word_1_116' title='bbox 559 2043 584 2083; x_wconf 89' lang='lat' dir='ltr'>e.</span> <span class='ocrx_word' id='word_1_117' title='bbox 609 2020 810 2105; x_wconf 77' lang='grc' dir='ltr'>κανδήλιον),</span> <span class='ocrx_word' id='word_1_118' title='bbox 834 2021 888 2084; x_wconf 84' lang='grc' dir='ltr'>ὅτε</span> <span class='ocrx_word' id='word_1_119' title='bbox 910 2021 1111 2099; x_wconf 76' lang='grc' dir='ltr'>μετεκόμιεαν</span> <span class='ocrx_word' id='word_1_120' title='bbox 1133 2022 1191 2099; x_wconf 86' lang='grc' dir='ltr'>τὴν</span> <span class='ocrx_word' id='word_1_121' title='bbox 1214 2020 1293 2098; x_wconf 82' lang='grc' dir='ltr'>ὕλην</span> 
     </span>
     <span class='ocr_line' id='line_1_18' title="bbox 148 2121 1293 2201; baseline 0.001 -17"><span class='ocrx_word' id='word_1_122' title='bbox 148 2121 246 2197; x_wconf 80' lang='grc' dir='ltr'>αὐτῆ(</span> <span class='ocrx_word' id='word_1_123' title='bbox 270 2121 321 2184; x_wconf 83' lang='grc' dir='ltr'>διὰ</span> <span class='ocrx_word' id='word_1_124' title='bbox 343 2122 401 2197; x_wconf 87' lang='grc' dir='ltr'>τὴν</span> <span class='ocrx_word' id='word_1_125' title='bbox 424 2125 615 2201; x_wconf 75' lang='grc' dir='ltr'>καταεκευὴν</span> <span class='ocrx_word' id='word_1_126' title='bbox 638 2125 694 2200; x_wconf 81' lang='grc' dir='ltr'>τῆ(</span> <span class='ocrx_word' id='word_1_127' title='bbox 717 2127 884 2201; x_wconf 77' lang='grc' dir='ltr'>δημοτικὴ(</span> <span class='ocrx_word' id='word_1_128' title='bbox 906 2122 1067 2200; x_wconf 69' lang='grc' dir='ltr'>ἐκκληςία(</span> <span class='ocrx_word' id='word_1_129' title='bbox 1088 2125 1143 2200; x_wconf 78' lang='grc' dir='ltr'>τῆ(</span> <span class='ocrx_word' id='word_1_130' title='bbox 1158 2121 1293 2198; x_wconf 86' lang='grc' dir='ltr'>Εὐαγγε-</span> 
     </span>
     <span class='ocr_line' id='line_1_19' title="bbox 148 2220 1293 2307; baseline -0.002 -21"><span class='ocrx_word' id='word_1_131' title='bbox 148 2223 293 2300; x_wconf 68' lang='lat' dir='ltr'>neruiue.</span> <span class='ocrx_word' id='word_1_132' title='bbox 339 2220 443 2296; x_wconf 80' lang='lat' dir='ltr'>Quum</span> <span class='ocrx_word' id='word_1_133' title='bbox 471 2243 554 2285; x_wconf 90' lang='lat' dir='ltr'>anno</span> <span class='ocrx_word' id='word_1_134' title='bbox 586 2222 667 2286; x_wconf 85' lang='grc'>1843</span> <span class='ocrx_word' id='word_1_135' title='bbox 696 2222 949 2307; x_wconf 83' lang='lat' dir='ltr'>Evangelistriae</span> <span class='ocrx_word' id='word_1_136' title='bbox 977 2222 1183 2286; x_wconf 86' lang='lat' dir='ltr'>fundamenta</span> <span class='ocrx_word' id='word_1_137' title='bbox 1212 2222 1293 2285; x_wconf 91' lang='lat' dir='ltr'>iacta</span> 
     </span>
     <span class='ocr_line' id='line_1_20' title="bbox 148 2323 1292 2406; baseline 0 -22"><span class='ocrx_word' id='word_1_138' title='bbox 148 2343 216 2385; x_wconf 89' lang='lat' dir='ltr'>esse</span> <span class='ocrx_word' id='word_1_139' title='bbox 240 2324 379 2405; x_wconf 91' lang='lat' dir='ltr'>constet,</span> <span class='ocrx_word' id='word_1_140' title='bbox 401 2327 477 2406; x_wconf 91' lang='lat' dir='ltr'>post</span> <span class='ocrx_word' id='word_1_141' title='bbox 499 2346 571 2387; x_wconf 91' lang='lat' dir='ltr'>eum</span> <span class='ocrx_word' id='word_1_142' title='bbox 593 2345 711 2387; x_wconf 91' lang='lat' dir='ltr'>annum</span> <span class='ocrx_word' id='word_1_143' title='bbox 734 2324 843 2389; x_wconf 89' lang='lat' dir='ltr'>aedem</span> <span class='ocrx_word' id='word_1_144' title='bbox 866 2323 1000 2389; x_wconf 86' lang='lat' dir='ltr'>Sanctae</span> <span class='ocrx_word' id='word_1_145' title='bbox 1015 2323 1172 2387; x_wconf 90' lang='lat' dir='ltr'>Dominae</span> <span class='ocrx_word' id='word_1_146' title='bbox 1195 2323 1292 2387; x_wconf 87' lang='lat' dir='ltr'>everti</span> 
     </span>
     <span class='ocr_line' id='line_1_21' title="bbox 148 2423 815 2506; baseline 0.004 -20"><span class='ocrx_word' id='word_1_147' title='bbox 148 2427 293 2506; x_wconf 91' lang='lat' dir='ltr'>coeptam</span> <span class='ocrx_word' id='word_1_148' title='bbox 316 2427 348 2486; x_wconf 92' lang='lat' dir='ltr'>et</span> <span class='ocrx_word' id='word_1_149' title='bbox 370 2423 468 2488; x_wconf 90' lang='lat' dir='ltr'>deleri</span> <span class='ocrx_word' id='word_1_150' title='bbox 491 2424 735 2488; x_wconf 86' lang='lat' dir='ltr'>existimandum</span> <span class='ocrx_word' id='word_1_151' title='bbox 758 2430 815 2489; x_wconf 89' lang='lat' dir='ltr'>est.</span> 
     </span>
    </p>
   </div>
   <div class='ocr_carea' id='block_1_4' title="bbox 147 2542 1346 3320">
    <p class='ocr_par' dir='ltr' id='par_1_8' title="bbox 147 2542 1346 3320">
     <span class='ocr_line' id='line_1_22' title="bbox 232 2542 1346 2628; baseline 0.003 -23"><span class='ocrx_word' id='word_1_152' title='bbox 232 2542 272 2605; x_wconf 88' lang='lat' dir='ltr'>ln</span> <span class='ocrx_word' id='word_1_153' title='bbox 299 2543 393 2606; x_wconf 90' lang='lat' dir='ltr'>titulo</span> <span class='ocrx_word' id='word_1_154' title='bbox 422 2542 457 2607; x_wconf 82' lang='lat' dir='ltr'>O.</span> <span class='ocrx_word' id='word_1_155' title='bbox 486 2543 511 2607; x_wconf 94' lang='lat' dir='ltr'>I.</span> <span class='ocrx_word' id='word_1_156' title='bbox 538 2567 570 2607; x_wconf 93' lang='lat' dir='ltr'>n.</span> <span class='ocrx_word' id='word_1_157' title='bbox 593 2544 658 2608; x_wconf 87' lang='grc'>480</span> <span class='ocrx_word' id='word_1_158' title='bbox 684 2567 715 2627; x_wconf 92' lang='lat' dir='ltr'>p.</span> <span class='ocrx_word' id='word_1_159' title='bbox 744 2544 822 2627; x_wconf 82' lang='lat'>469,</span> <span class='ocrx_word' id='word_1_160' title='bbox 851 2566 944 2627; x_wconf 92' lang='lat' dir='ltr'>quem</span> <span class='ocrx_word' id='word_1_161' title='bbox 971 2566 1070 2628; x_wconf 91' lang='lat' dir='ltr'>prope</span> <span class='ocrx_word' id='word_1_162' title='bbox 1099 2565 1169 2608; x_wconf 89' lang='lat' dir='ltr'>eam</span> <span class='ocrx_word' id='word_1_163' title='bbox 1197 2546 1292 2608; x_wconf 91' lang='lat' dir='ltr'>eccle·</span> <span class='ocrx_word' id='word_1_164' title='bbox 1343 2554 1346 2559; x_wconf 88' lang='grc'><strong>’</strong></span> 
     </span>
     <span class='ocr_line' id='line_1_23' title="bbox 149 2644 1292 2729; baseline 0 -21"><span class='ocrx_word' id='word_1_165' title='bbox 149 2645 264 2729; x_wconf 75' lang='lat' dir='ltr'>siam*)</span> <span class='ocrx_word' id='word_1_166' title='bbox 294 2648 494 2727; x_wconf 89' lang='lat' dir='ltr'>repererunt,</span> <span class='ocrx_word' id='word_1_167' title='bbox 521 2644 638 2708; x_wconf 86' lang='lat' dir='ltr'>Vestae</span> <span class='ocrx_word' id='word_1_168' title='bbox 666 2645 786 2708; x_wconf 93' lang='lat' dir='ltr'>mentio</span> <span class='ocrx_word' id='word_1_169' title='bbox 816 2650 878 2710; x_wconf 89' lang='lat' dir='ltr'>est:</span> <span class='ocrx_word' id='word_1_170' title='bbox 913 2647 963 2708; x_wconf 92' lang='lat' dir='ltr'>cui</span> <span class='ocrx_word' id='word_1_171' title='bbox 991 2646 1080 2729; x_wconf 87' lang='lat' dir='ltr'>quasi</span> <span class='ocrx_word' id='word_1_172' title='bbox 1108 2646 1292 2709; x_wconf 90' lang='lat' dir='ltr'>testimonio</span> 
     </span>
     <span class='ocr_line' id='line_1_24' title="bbox 147 2746 1292 2829; baseline 0 -21"><span class='ocrx_word' id='word_1_173' title='bbox 147 2749 273 2809; x_wconf 90' lang='lat' dir='ltr'>tantum</span> <span class='ocrx_word' id='word_1_174' title='bbox 301 2746 415 2809; x_wconf 90' lang='lat' dir='ltr'>tribuit</span> <span class='ocrx_word' id='word_1_175' title='bbox 440 2746 579 2810; x_wconf 88' lang='lat' dir='ltr'>Pittaces</span> <span class='ocrx_word' id='word_1_176' title='bbox 609 2747 685 2809; x_wconf 90' lang='lat' dir='ltr'>Ant.</span> <span class='ocrx_word' id='word_1_177' title='bbox 714 2746 831 2810; x_wconf 88' lang='lat' dir='ltr'>Athen.</span> <span class='ocrx_word' id='word_1_178' title='bbox 860 2747 894 2809; x_wconf 92' lang='lat' dir='ltr'>in</span> <span class='ocrx_word' id='word_1_179' title='bbox 915 2769 946 2829; x_wconf 93' lang='lat' dir='ltr'>p.</span> <span class='ocrx_word' id='word_1_180' title='bbox 972 2747 1046 2828; x_wconf 77' lang='lat'>152,</span> <span class='ocrx_word' id='word_1_181' title='bbox 1074 2749 1110 2810; x_wconf 91' lang='lat' dir='ltr'>ut</span> <span class='ocrx_word' id='word_1_182' title='bbox 1136 2746 1292 2810; x_wconf 90' lang='lat' dir='ltr'>Dominae</span> 
     </span>
     <span class='ocr_line' id='line_1_25' title="bbox 149 2846 1292 2931; baseline 0.002 -21"><span class='ocrx_word' id='word_1_183' title='bbox 149 2848 364 2911; x_wconf 88' lang='lat' dir='ltr'>Lucernarum</span> <span class='ocrx_word' id='word_1_184' title='bbox 395 2848 567 2911; x_wconf 86' lang='lat' dir='ltr'>contendat</span> <span class='ocrx_word' id='word_1_185' title='bbox 588 2846 720 2911; x_wconf 88' lang='lat' dir='ltr'>Vestam</span> <span class='ocrx_word' id='word_1_186' title='bbox 748 2848 799 2911; x_wconf 86' lang='lat' dir='ltr'>vel</span> <span class='ocrx_word' id='word_1_187' title='bbox 826 2847 963 2910; x_wconf 91' lang='lat' dir='ltr'>Dianam</span> <span class='ocrx_word' id='word_1_188' title='bbox 989 2848 1183 2931; x_wconf 85' lang='lat' dir='ltr'>Luciferam,</span> <span class='ocrx_word' id='word_1_189' title='bbox 1206 2869 1292 2929; x_wconf 77' lang='lat' dir='ltr'>pmc-</span> 
     </span>
     <span class='ocr_line' id='line_1_26' title="bbox 148 2948 1293 3033; baseline -0.005 -17"><span class='ocrx_word' id='word_1_190' title='bbox 148 2952 256 3030; x_wconf 85' lang='grc' dir='ltr'>φόρον</span> <span class='ocrx_word' id='word_1_191' title='bbox 280 2950 418 3013; x_wconf 86' lang='lat' dir='ltr'>subesse.</span> <span class='ocrx_word' id='word_1_192' title='bbox 457 2949 519 3013; x_wconf 79' lang='lat' dir='ltr'>Sed</span> <span class='ocrx_word' id='word_1_193' title='bbox 542 2948 717 3013; x_wconf 78' lang='lat' dir='ltr'>Christiani</span> <span class='ocrx_word' id='word_1_194' title='bbox 739 2948 853 3013; x_wconf 81' lang='lat' dir='ltr'>Graeci</span> <span class='ocrx_word' id='word_1_195' title='bbox 875 2971 967 3033; x_wconf 87' lang='lat' dir='ltr'>saepe</span> <span class='ocrx_word' id='word_1_196' title='bbox 991 2953 1063 3012; x_wconf 89' lang='lat' dir='ltr'>ante</span> <span class='ocrx_word' id='word_1_197' title='bbox 1086 2951 1189 3014; x_wconf 92' lang='lat' dir='ltr'>lucem</span> <span class='ocrx_word' id='word_1_198' title='bbox 1205 2970 1293 3012; x_wconf 90' lang='lat' dir='ltr'>sacra</span> 
     </span>
     <span class='ocr_line' id='line_1_27' title="bbox 147 3051 1294 3135; baseline -0.002 -21"><span class='ocrx_word' id='word_1_199' title='bbox 147 3051 270 3115; x_wconf 85' lang='lat' dir='ltr'>faciunt</span> <span class='ocrx_word' id='word_1_200' title='bbox 293 3055 386 3135; x_wconf 88' lang='lat' dir='ltr'>atque</span> <span class='ocrx_word' id='word_1_201' title='bbox 409 3053 558 3135; x_wconf 87' lang='lat' dir='ltr'>frequens</span> <span class='ocrx_word' id='word_1_202' title='bbox 583 3055 631 3115; x_wconf 91' lang='lat' dir='ltr'>est</span> <span class='ocrx_word' id='word_1_203' title='bbox 652 3073 727 3115; x_wconf 91' lang='lat' dir='ltr'>usus</span> <span class='ocrx_word' id='word_1_204' title='bbox 750 3052 949 3116; x_wconf 89' lang='lat' dir='ltr'>lucernarum</span> <span class='ocrx_word' id='word_1_205' title='bbox 971 3054 1003 3115; x_wconf 89' lang='lat' dir='ltr'>et</span> <span class='ocrx_word' id='word_1_206' title='bbox 1021 3052 1236 3134; x_wconf 84' lang='lat' dir='ltr'>candelarum,</span> <span class='ocrx_word' id='word_1_207' title='bbox 1259 3054 1294 3112; x_wconf 93' lang='lat' dir='ltr'>ut</span> 
     </span>
     <span class='ocr_line' id='line_1_28' title="bbox 151 3153 1294 3238; baseline -0.002 -23"><span class='ocrx_word' id='word_1_208' title='bbox 151 3154 191 3216; x_wconf 89' lang='lat' dir='ltr'>ad</span> <span class='ocrx_word' id='word_1_209' title='bbox 214 3175 394 3238; x_wconf 82' lang='lat' dir='ltr'>cognomen</span> <span class='ocrx_word' id='word_1_210' title='bbox 409 3153 566 3218; x_wconf 81' lang='lat' dir='ltr'>Candelae</span> <span class='ocrx_word' id='word_1_211' title='bbox 590 3154 811 3237; x_wconf 88' lang='lat' dir='ltr'>explicandum</span> <span class='ocrx_word' id='word_1_212' title='bbox 832 3175 899 3218; x_wconf 89' lang='lat' dir='ltr'>non</span> <span class='ocrx_word' id='word_1_213' title='bbox 922 3175 1001 3236; x_wconf 92' lang='lat' dir='ltr'>opus</span> <span class='ocrx_word' id='word_1_214' title='bbox 1024 3154 1065 3217; x_wconf 90' lang='lat' dir='ltr'>sit</span> <span class='ocrx_word' id='word_1_215' title='bbox 1088 3153 1294 3217; x_wconf 89' lang='lat' dir='ltr'>caerimonias</span> 
     </span>
     <span class='ocr_line' id='line_1_29' title="bbox 152 3250 822 3320; baseline 0.009 -6"><span class='ocrx_word' id='word_1_216' title='bbox 152 3254 228 3316; x_wconf 89' lang='lat' dir='ltr'>deae</span> <span class='ocrx_word' id='word_1_217' title='bbox 250 3256 358 3318; x_wconf 89' lang='lat' dir='ltr'>nescio</span> <span class='ocrx_word' id='word_1_218' title='bbox 382 3256 469 3320; x_wconf 90' lang='lat' dir='ltr'>cuius</span> <span class='ocrx_word' id='word_1_219' title='bbox 492 3256 642 3320; x_wconf 84' lang='lat' dir='ltr'>luciferae</span> <span class='ocrx_word' id='word_1_220' title='bbox 664 3250 822 3320; x_wconf 87' lang='lat' dir='ltr'>adhibere.</span> 
     </span>
    </p>
   </div>
   <div class='ocr_carea' id='block_1_5' title="bbox 148 3537 1328 4291">
    <p class='ocr_par' dir='ltr' id='par_1_9' title="bbox 148 3537 1328 4291">
     <span class='ocr_line' id='line_1_30' title="bbox 152 3537 1293 3613; baseline 0.004 -22"><span class='ocrx_word' id='word_1_221' title='bbox 152 3537 242 3603; x_wconf 84' lang='lat' dir='ltr'>Quum</span> <span class='ocrx_word' id='word_1_222' title='bbox 260 3556 332 3593; x_wconf 89' lang='lat' dir='ltr'>anno</span> <span class='ocrx_word' id='word_1_223' title='bbox 352 3546 417 3596; x_wconf 84' lang='grc'>1866</span> <span class='ocrx_word' id='word_1_224' title='bbox 440 3541 538 3598; x_wconf 90' lang='lat' dir='ltr'>aedem</span> <span class='ocrx_word' id='word_1_225' title='bbox 555 3543 692 3600; x_wconf 86' lang='lat' dir='ltr'>Demetrii</span> <span class='ocrx_word' id='word_1_226' title='bbox 714 3545 743 3598; x_wconf 87' lang='lat' dir='ltr'>et</span> <span class='ocrx_word' id='word_1_227' title='bbox 760 3544 870 3612; x_wconf 87' lang='lat' dir='ltr'>Annae,</span> <span class='ocrx_word' id='word_1_228' title='bbox 894 3544 938 3598; x_wconf 83' lang='lat' dir='ltr'>vel</span> <span class='ocrx_word' id='word_1_229' title='bbox 960 3544 1053 3613; x_wconf 90' lang='lat' dir='ltr'>potius</span> <span class='ocrx_word' id='word_1_230' title='bbox 1076 3544 1173 3597; x_wconf 90' lang='lat' dir='ltr'>Annae</span> <span class='ocrx_word' id='word_1_231' title='bbox 1196 3545 1225 3596; x_wconf 89' lang='lat' dir='ltr'>et</span> <span class='ocrx_word' id='word_1_232' title='bbox 1242 3541 1293 3594; x_wconf 82' lang='lat' dir='ltr'>De-</span> 
     </span>
     <span class='ocr_line' id='line_1_31' title="bbox 151 3623 1293 3698; baseline 0.002 -22"><span class='ocrx_word' id='word_1_233' title='bbox 151 3623 257 3691; x_wconf 86' lang='lat' dir='ltr'>metrii,</span> <span class='ocrx_word' id='word_1_234' title='bbox 276 3623 407 3691; x_wconf 87' lang='lat' dir='ltr'>viserem,</span> <span class='ocrx_word' id='word_1_235' title='bbox 424 3626 454 3679; x_wconf 91' lang='lat' dir='ltr'>in</span> <span class='ocrx_word' id='word_1_236' title='bbox 473 3643 506 3681; x_wconf 86' lang='lat' dir='ltr'>ea</span> <span class='ocrx_word' id='word_1_237' title='bbox 522 3630 617 3697; x_wconf 86' lang='lat' dir='ltr'>parte,</span> <span class='ocrx_word' id='word_1_238' title='bbox 637 3646 708 3698; x_wconf 90' lang='lat' dir='ltr'>quae</span> <span class='ocrx_word' id='word_1_239' title='bbox 720 3631 817 3684; x_wconf 87' lang='lat' dir='ltr'>Annae</span> <span class='ocrx_word' id='word_1_240' title='bbox 836 3646 916 3684; x_wconf 88' lang='lat' dir='ltr'>sacra</span> <span class='ocrx_word' id='word_1_241' title='bbox 933 3629 987 3695; x_wconf 89' lang='lat' dir='ltr'>est,</span> <span class='ocrx_word' id='word_1_242' title='bbox 1005 3628 1127 3697; x_wconf 84' lang='lat' dir='ltr'>elogium</span> <span class='ocrx_word' id='word_1_243' title='bbox 1139 3627 1293 3681; x_wconf 89' lang='lat' dir='ltr'>recentiore</span> 
     </span>
     <span class='ocr_line' id='line_1_32' title="bbox 150 3709 1294 3783; baseline 0 -20"><span class='ocrx_word' id='word_1_244' title='bbox 150 3711 245 3763; x_wconf 88' lang='lat' dir='ltr'>aetate</span> <span class='ocrx_word' id='word_1_245' title='bbox 264 3709 444 3779; x_wconf 85' lang='lat' dir='ltr'>scriptumin</span> <span class='ocrx_word' id='word_1_246' title='bbox 460 3710 554 3781; x_wconf 89' lang='lat' dir='ltr'>lapide</span> <span class='ocrx_word' id='word_1_247' title='bbox 571 3714 672 3772; x_wconf 89' lang='lat' dir='ltr'>inveni.</span> <span class='ocrx_word' id='word_1_248' title='bbox 708 3713 802 3768; x_wconf 81' lang='lat' dir='ltr'>Crucis</span> <span class='ocrx_word' id='word_1_249' title='bbox 825 3714 934 3783; x_wconf 83' lang='lat' dir='ltr'>signum</span> <span class='ocrx_word' id='word_1_250' title='bbox 957 3713 1124 3782; x_wconf 90' lang='lat' dir='ltr'>insculptum</span> <span class='ocrx_word' id='word_1_251' title='bbox 1149 3713 1210 3765; x_wconf 89' lang='lat' dir='ltr'>erat</span> <span class='ocrx_word' id='word_1_252' title='bbox 1232 3712 1294 3763; x_wconf 91' lang='lat' dir='ltr'>sub-</span> 
     </span>
     <span class='ocr_line' id='line_1_33' title="bbox 149 3794 1293 3868; baseline 0.001 -22"><span class='ocrx_word' id='word_1_253' title='bbox 149 3795 224 3848; x_wconf 88' lang='lat' dir='ltr'>iecta</span> <span class='ocrx_word' id='word_1_254' title='bbox 241 3796 332 3864; x_wconf 85' lang='lat' dir='ltr'>figura</span> <span class='ocrx_word' id='word_1_255' title='bbox 350 3794 409 3849; x_wconf 87' lang='lat' dir='ltr'>avis</span> <span class='ocrx_word' id='word_1_256' title='bbox 426 3798 628 3866; x_wconf 85' lang='lat' dir='ltr'>monstruosae,</span> <span class='ocrx_word' id='word_1_257' title='bbox 653 3798 762 3868; x_wconf 87' lang='lat' dir='ltr'>magnis</span> <span class='ocrx_word' id='word_1_258' title='bbox 781 3798 932 3866; x_wconf 84' lang='lat' dir='ltr'>unguibus,</span> <span class='ocrx_word' id='word_1_259' title='bbox 955 3798 1046 3866; x_wconf 90' lang='lat' dir='ltr'>capite</span> <span class='ocrx_word' id='word_1_260' title='bbox 1065 3797 1196 3862; x_wconf 87' lang='lat' dir='ltr'>deformi,</span> <span class='ocrx_word' id='word_1_261' title='bbox 1219 3795 1293 3848; x_wconf 90' lang='lat' dir='ltr'>utin</span> 
     </span>
     <span class='ocr_line' id='line_1_34' title="bbox 148 3879 1294 3951; baseline 0.001 -20"><span class='ocrx_word' id='word_1_262' title='bbox 148 3881 272 3933; x_wconf 88' lang='lat' dir='ltr'>mentem</span> <span class='ocrx_word' id='word_1_263' title='bbox 290 3880 398 3934; x_wconf 87' lang='lat' dir='ltr'>veniret</span> <span class='ocrx_word' id='word_1_264' title='bbox 421 3883 623 3951; x_wconf 65' lang='lat' dir='ltr'>tricastinum,</span> <span class='ocrx_word' id='word_1_265' title='bbox 648 3885 725 3938; x_wconf 88' lang='lat' dir='ltr'>cuius</span> <span class='ocrx_word' id='word_1_266' title='bbox 751 3885 810 3938; x_wconf 88' lang='lat' dir='ltr'>irae</span> <span class='ocrx_word' id='word_1_267' title='bbox 833 3882 1058 3936; x_wconf 87' lang='lat' dir='ltr'>averruncandae</span> <span class='ocrx_word' id='word_1_268' title='bbox 1080 3897 1163 3935; x_wconf 92' lang='lat' dir='ltr'>causa</span> <span class='ocrx_word' id='word_1_269' title='bbox 1186 3879 1294 3932; x_wconf 87' lang='lat' dir='ltr'>dubita-</span> 
     </span>
     <span class='ocr_line' id='line_1_35' title="bbox 149 3963 1294 4033; baseline 0 -17"><span class='ocrx_word' id='word_1_270' title='bbox 149 3965 215 4017; x_wconf 87' lang='lat' dir='ltr'>bam</span> <span class='ocrx_word' id='word_1_271' title='bbox 234 3982 270 4017; x_wconf 93' lang='lat' dir='ltr'>an</span> <span class='ocrx_word' id='word_1_272' title='bbox 287 3964 359 4018; x_wconf 90' lang='lat' dir='ltr'>mira</span> <span class='ocrx_word' id='word_1_273' title='bbox 376 3963 426 4018; x_wconf 90' lang='lat' dir='ltr'>illa</span> <span class='ocrx_word' id='word_1_274' title='bbox 444 3964 549 4033; x_wconf 88' lang='lat' dir='ltr'>species</span> <span class='ocrx_word' id='word_1_275' title='bbox 566 3967 652 4022; x_wconf 89' lang='lat' dir='ltr'>incisa</span> <span class='ocrx_word' id='word_1_276' title='bbox 671 3971 750 4023; x_wconf 87' lang='lat' dir='ltr'>esset.</span> <span class='ocrx_word' id='word_1_277' title='bbox 787 3967 828 4022; x_wconf 80' lang='lat' dir='ltr'>Cf.</span> <span class='ocrx_word' id='word_1_278' title='bbox 844 3965 930 4021; x_wconf 83' lang='lat' dir='ltr'>Curtii</span> <span class='ocrx_word' id='word_1_279' title='bbox 946 3965 1132 4020; x_wconf 88' lang='lat' dir='ltr'>Wachsmuth</span> <span class='ocrx_word' id='word_1_280' title='bbox 1150 3963 1294 4032; x_wconf 89' lang='lat' dir='ltr'>antiquam</span> 
     </span>
     <span class='ocr_line' id='line_1_36' title="bbox 149 4049 1294 4119; baseline 0.003 -19"><span class='ocrx_word' id='word_1_281' title='bbox 149 4049 177 4100; x_wconf 89' lang='lat' dir='ltr'>ct</span> <span class='ocrx_word' id='word_1_282' title='bbox 194 4051 297 4102; x_wconf 85' lang='lat' dir='ltr'>recent.</span> <span class='ocrx_word' id='word_1_283' title='bbox 318 4049 466 4104; x_wconf 78' lang='lat' dir='ltr'>Graeciam</span> <span class='ocrx_word' id='word_1_284' title='bbox 483 4049 597 4106; x_wconf 89' lang='lat' dir='ltr'>Bonnae</span> <span class='ocrx_word' id='word_1_285' title='bbox 615 4069 658 4106; x_wconf 84' lang='lat' dir='ltr'>an.</span> <span class='ocrx_word' id='word_1_286' title='bbox 680 4059 746 4108; x_wconf 85' lang='grc'>1864</span> <span class='ocrx_word' id='word_1_287' title='bbox 763 4051 876 4106; x_wconf 90' lang='lat' dir='ltr'>editam.</span> <span class='ocrx_word' id='word_1_288' title='bbox 912 4051 939 4104; x_wconf 93' lang='lat' dir='ltr'>Is</span> <span class='ocrx_word' id='word_1_289' title='bbox 961 4049 1034 4119; x_wconf 90' lang='lat' dir='ltr'>inp.</span> <span class='ocrx_word' id='word_1_290' title='bbox 1056 4055 1104 4103; x_wconf 85' lang='grc'>114</span> <span class='ocrx_word' id='word_1_291' title='bbox 1122 4066 1163 4117; x_wconf 93' lang='lat' dir='ltr'>sq.</span> <span class='ocrx_word' id='word_1_292' title='bbox 1183 4049 1217 4103; x_wconf 90' lang='lat' dir='ltr'>de</span> <span class='ocrx_word' id='word_1_293' title='bbox 1241 4049 1294 4104; x_wconf 93' lang='lat' dir='ltr'>hoc</span> 
     </span>
     <span class='ocr_line' id='line_1_37' title="bbox 148 4134 1294 4204; baseline 0.004 -19"><span class='ocrx_word' id='word_1_294' title='bbox 148 4149 251 4200; x_wconf 86' lang='lat' dir='ltr'>genere</span> <span class='ocrx_word' id='word_1_295' title='bbox 269 4134 473 4203; x_wconf 87' lang='lat' dir='ltr'>superstitionis</span> <span class='ocrx_word' id='word_1_296' title='bbox 491 4134 651 4204; x_wconf 86' lang='lat' dir='ltr'>disputavit.</span> <span class='ocrx_word' id='word_1_297' title='bbox 677 4137 776 4191; x_wconf 88' lang='lat' dir='ltr'>Nescio</span> <span class='ocrx_word' id='word_1_298' title='bbox 794 4137 890 4190; x_wconf 87' lang='lat' dir='ltr'>tamen</span> <span class='ocrx_word' id='word_1_299' title='bbox 909 4152 944 4188; x_wconf 84' lang='lat' dir='ltr'>an</span> <span class='ocrx_word' id='word_1_300' title='bbox 963 4151 1033 4202; x_wconf 89' lang='lat' dir='ltr'>quae</span> <span class='ocrx_word' id='word_1_301' title='bbox 1050 4134 1199 4188; x_wconf 85' lang='lat' dir='ltr'>videbatur</span> <span class='ocrx_word' id='word_1_302' title='bbox 1216 4135 1294 4190; x_wconf 83' lang='lat' dir='ltr'>larva</span> 
     </span>
     <span class='ocr_line' id='line_1_38' title="bbox 149 4218 1328 4291; baseline 0.002 -21"><span class='ocrx_word' id='word_1_303' title='bbox 149 4234 206 4271; x_wconf 88' lang='lat' dir='ltr'>esse</span> <span class='ocrx_word' id='word_1_304' title='bbox 224 4220 395 4288; x_wconf 77' lang='lat' dir='ltr'>nuntient,</span> <span class='ocrx_word' id='word_1_305' title='bbox 414 4219 520 4274; x_wconf 87' lang='lat' dir='ltr'>artifice</span> <span class='ocrx_word' id='word_1_306' title='bbox 538 4224 671 4290; x_wconf 87' lang='lat' dir='ltr'>peccante</span> <span class='ocrx_word' id='word_1_307' title='bbox 689 4238 779 4291; x_wconf 87' lang='lat' dir='ltr'>neque</span> <span class='ocrx_word' id='word_1_308' title='bbox 799 4221 964 4289; x_wconf 84' lang='lat' dir='ltr'>assequente</span> <span class='ocrx_word' id='word_1_309' title='bbox 982 4218 1011 4271; x_wconf 92' lang='lat' dir='ltr'>id</span> <span class='ocrx_word' id='word_1_310' title='bbox 1029 4218 1104 4286; x_wconf 88' lang='lat' dir='ltr'>quod</span> <span class='ocrx_word' id='word_1_311' title='bbox 1121 4219 1241 4275; x_wconf 88' lang='lat' dir='ltr'>volebat.</span> <span class='ocrx_word' id='word_1_312' title='bbox 1322 4231 1328 4243; x_wconf 93' lang='lat'><strong>·</strong></span> 
     </span>
    </p>
   </div>
   <div class='ocr_carea' id='block_1_6' title="bbox 232 4321 935 4389">
    <p class='ocr_par' dir='ltr' id='par_1_10' title="bbox 232 4321 935 4389">
     <span class='ocr_line' id='line_1_39' title="bbox 232 4321 935 4389; baseline 0.007 -18"><span class='ocrx_word' id='word_1_313' title='bbox 232 4321 257 4386; x_wconf 47' lang='lat'>2)</span> <span class='ocrx_word' id='word_1_314' title='bbox 278 4322 317 4373; x_wconf 80' lang='lat' dir='ltr'>Ul&#39;.</span> <span class='ocrx_word' id='word_1_315' title='bbox 336 4339 363 4389; x_wconf 93' lang='lat' dir='ltr'>p.</span> <span class='ocrx_word' id='word_1_316' title='bbox 383 4327 428 4388; x_wconf 82' lang='lat' dir='ltr'>to,</span> <span class='ocrx_word' id='word_1_317' title='bbox 448 4323 645 4388; x_wconf 77' lang='grc' dir='ltr'>Μοναετὴριον</span> <span class='ocrx_word' id='word_1_318' title='bbox 662 4327 723 4376; x_wconf 86' lang='grc' dir='ltr'>τῶν</span> <span class='ocrx_word' id='word_1_319' title='bbox 741 4325 881 4378; x_wconf 80' lang='grc' dir='ltr'>Δυτικῶν.</span> <span class='ocrx_word' id='word_1_320' title='bbox 928 4344 935 4355; x_wconf 89' lang='grc'><em>·</em></span> 
     </span>
    </p>
   </div>
   <div class='ocr_carea' id='block_1_7' title="bbox 0 0 1440 4876">
    <p class='ocr_par' dir='ltr' id='par_1_11' title="bbox 0 0 1440 4876">
     <span class='ocr_line' id='line_1_40' title="bbox 0 0 1440 4876; baseline 0 0"><span class='ocrx_word' id='word_1_321' title='bbox 0 0 1440 4876; x_wconf 95' lang='lat' dir='ltr'> </span> 
     </span>
    </p>
   </div>
  </div>
 </body>
</html>
